timestamp,bid_ask_spread
2018-12-24 12:32:50.595622+00:00,0
2018-12-24 13:00:02.757045+00:00,108.89
2018-12-24 13:00:02.757115+00:00,-0.22
2018-12-24 13:00:13.828698+00:00,-0.21
2018-12-24 13:00:19.347938+00:00,-0.20
2018-12-24 13:00:22.485511+00:00,-0.19
2018-12-24 13:00:23.993134+00:00,-0.18
2018-12-24 13:00:28.993253+00:00,-0.19
2018-12-24 13:00:30.207034+00:00,-0.18
2018-12-24 13:00:35.206311+00:00,-0.19
2018-12-24 13:00:35.790485+00:00,108.89
2018-12-24 13:00:35.792138+00:00,-0.20
2018-12-24 13:00:40.791907+00:00,108.89
2018-12-24 13:00:40.793602+00:00,-0.21
2018-12-24 13:00:40.815923+00:00,-0.20
2018-12-24 13:00:54.031303+00:00,-0.21
2018-12-24 13:00:54.033499+00:00,-0.20
2018-12-24 13:01:17.131313+00:00,-0.19
2018-12-24 13:01:25.532261+00:00,-0.18
2018-12-24 13:01:30.531893+00:00,-0.19
2018-12-24 13:01:34.060473+00:00,108.89
2018-12-24 13:01:34.062151+00:00,-0.20
2018-12-24 13:01:55.917212+00:00,-0.19
2018-12-24 13:02:02.297162+00:00,-0.18
2018-12-24 13:02:12.719298+00:00,-0.19
2018-12-24 13:02:12.725207+00:00,-0.18
2018-12-24 13:02:24.682092+00:00,-0.19
2018-12-24 13:02:24.707066+00:00,-0.18
2018-12-24 13:02:52.051218+00:00,-0.19
2018-12-24 13:02:52.076028+00:00,-0.18
2018-12-24 13:02:58.305514+00:00,-0.19
2018-12-24 13:02:59.246710+00:00,108.89
2018-12-24 13:02:59.248468+00:00,-0.20
2018-12-24 13:02:59.272681+00:00,-0.19
2018-12-24 13:03:04.271944+00:00,-0.20
2018-12-24 13:03:17.954451+00:00,-0.19
2018-12-24 13:03:28.589058+00:00,-0.20
2018-12-24 13:03:30.998782+00:00,-0.19
2018-12-24 13:04:07.718353+00:00,-0.18
2018-12-24 13:04:15.819806+00:00,-0.19
2018-12-24 13:04:16.702237+00:00,-0.18
2018-12-24 13:04:21.701226+00:00,-0.19
2018-12-24 13:04:52.770424+00:00,-0.18
2018-12-24 13:04:57.769811+00:00,-0.19
2018-12-24 13:05:00.105963+00:00,-0.18
2018-12-24 13:05:09.259012+00:00,-0.19
2018-12-24 13:05:09.275823+00:00,-0.18
2018-12-24 13:05:20.506008+00:00,-0.19
2018-12-24 13:05:20.539442+00:00,-0.18
2018-12-24 13:05:27.505349+00:00,-0.19
2018-12-24 13:05:34.120969+00:00,108.89
2018-12-24 13:05:34.122425+00:00,-0.20
2018-12-24 13:05:53.460337+00:00,108.89
2018-12-24 13:05:53.461990+00:00,-0.20
2018-12-24 13:05:58.461542+00:00,108.89
2018-12-24 13:05:58.462942+00:00,-0.21
2018-12-24 13:06:19.071248+00:00,108.89
2018-12-24 13:06:19.072649+00:00,-0.22
2018-12-24 13:06:19.478233+00:00,-0.21
2018-12-24 13:06:24.477255+00:00,-0.22
2018-12-24 13:06:31.748033+00:00,108.89
2018-12-24 13:06:31.749400+00:00,-0.23
2018-12-24 13:06:32.356032+00:00,-0.22
2018-12-24 13:06:39.067359+00:00,-0.23
2018-12-24 13:06:39.462939+00:00,-0.22
2018-12-24 13:06:45.939580+00:00,-0.23
2018-12-24 13:06:45.941024+00:00,-0.22
2018-12-24 13:06:50.940108+00:00,-0.23
2018-12-24 13:06:53.662377+00:00,-0.22
2018-12-24 13:06:58.716377+00:00,-0.23
2018-12-24 13:06:58.740973+00:00,-0.22
2018-12-24 13:07:14.803287+00:00,-0.23
2018-12-24 13:07:14.804894+00:00,-0.22
2018-12-24 13:07:24.326015+00:00,-0.23
2018-12-24 13:07:24.334855+00:00,-0.22
2018-12-24 13:07:49.653772+00:00,-0.23
2018-12-24 13:07:49.655408+00:00,-0.22
2018-12-24 13:07:54.654352+00:00,-0.23
2018-12-24 13:08:00.289901+00:00,-0.22
2018-12-24 13:08:00.311057+00:00,108.9
2018-12-24 13:08:00.312506+00:00,-0.23
2018-12-24 13:08:00.318640+00:00,-0.22
2018-12-24 13:08:00.580409+00:00,-0.21
2018-12-24 13:08:05.317696+00:00,-0.22
2018-12-24 13:08:05.317764+00:00,108.91
2018-12-24 13:08:05.319315+00:00,-0.22
2018-12-24 13:08:05.580191+00:00,-0.23
2018-12-24 13:08:05.823820+00:00,-0.22
2018-12-24 13:08:10.712423+00:00,108.91
2018-12-24 13:08:10.713861+00:00,-0.23
2018-12-24 13:08:10.822743+00:00,-0.24
2018-12-24 13:08:10.869079+00:00,-0.23
2018-12-24 13:08:11.358430+00:00,-0.22
2018-12-24 13:08:16.358064+00:00,-0.23
2018-12-24 13:08:17.404322+00:00,-0.22
2018-12-24 13:08:17.404326+00:00,-0.23
2018-12-24 13:08:17.561223+00:00,-0.22
2018-12-24 13:08:22.403747+00:00,-0.23
2018-12-24 13:08:36.459014+00:00,-0.22
2018-12-24 13:08:41.459017+00:00,-0.23
2018-12-24 13:08:41.721074+00:00,108.9
2018-12-24 13:08:41.722538+00:00,-0.24
2018-12-24 13:08:41.735850+00:00,-0.23
2018-12-24 13:08:42.127062+00:00,-0.22
2018-12-24 13:08:47.126877+00:00,-0.23
2018-12-24 13:08:51.455497+00:00,-0.24
2018-12-24 13:08:51.457062+00:00,-0.23
2018-12-24 13:08:58.277719+00:00,-0.22
2018-12-24 13:08:58.291118+00:00,-0.23
2018-12-24 13:08:58.299779+00:00,-0.22
2018-12-24 13:09:02.123456+00:00,-0.21
2018-12-24 13:09:03.276888+00:00,-0.22
2018-12-24 13:09:07.123217+00:00,-0.23
2018-12-24 13:09:10.663440+00:00,-0.22
2018-12-24 13:09:15.662790+00:00,-0.23
2018-12-24 13:09:15.761249+00:00,-0.22
2018-12-24 13:09:17.250131+00:00,-109.12
2018-12-24 13:09:17.251716+00:00,-0.23
2018-12-24 13:09:25.313499+00:00,-0.22
2018-12-24 13:09:49.380922+00:00,-0.23
2018-12-24 13:09:49.914808+00:00,-0.22
2018-12-24 13:09:54.913734+00:00,-0.23
2018-12-24 13:10:04.244375+00:00,108.89
2018-12-24 13:10:04.245818+00:00,-0.24
2018-12-24 13:10:04.309536+00:00,-0.23
2018-12-24 13:10:04.659159+00:00,-0.22
2018-12-24 13:10:09.659273+00:00,-0.23
2018-12-24 13:10:10.214424+00:00,-0.22
2018-12-24 13:10:10.267252+00:00,-0.23
2018-12-24 13:10:10.268518+00:00,-0.22
2018-12-24 13:10:15.238327+00:00,-0.23
2018-12-24 13:10:15.371045+00:00,-0.24
2018-12-24 13:10:15.619128+00:00,-0.23
2018-12-24 13:10:20.813929+00:00,-0.24
2018-12-24 13:10:20.860650+00:00,-0.23
2018-12-24 13:10:22.722141+00:00,-0.22
2018-12-24 13:10:25.882924+00:00,-0.23
2018-12-24 13:10:25.884313+00:00,-0.22
2018-12-24 13:10:27.722157+00:00,-0.23
2018-12-24 13:10:27.961377+00:00,-0.22
2018-12-24 13:10:31.875967+00:00,-0.23
2018-12-24 13:10:47.300139+00:00,-0.22
2018-12-24 13:10:54.897502+00:00,-0.23
2018-12-24 13:10:54.955332+00:00,-0.22
2018-12-24 13:11:04.590766+00:00,-0.23
2018-12-24 13:11:04.608619+00:00,-0.22
2018-12-24 13:11:11.867125+00:00,-0.23
2018-12-24 13:11:13.691248+00:00,108.89
2018-12-24 13:11:13.692744+00:00,-0.24
2018-12-24 13:11:13.710493+00:00,-0.23
2018-12-24 13:11:17.171769+00:00,-0.22
2018-12-24 13:11:18.710294+00:00,-0.23
2018-12-24 13:11:20.422351+00:00,-0.22
2018-12-24 13:11:22.654430+00:00,-0.23
2018-12-24 13:11:22.674718+00:00,-0.22
2018-12-24 13:11:25.422425+00:00,-0.23
2018-12-24 13:11:25.682798+00:00,-0.22
2018-12-24 13:11:28.035347+00:00,-0.23
2018-12-24 13:11:28.076406+00:00,-0.22
2018-12-24 13:11:30.681769+00:00,-0.23
2018-12-24 13:11:31.922529+00:00,-0.22
2018-12-24 13:11:33.804562+00:00,-0.23
2018-12-24 13:11:33.805916+00:00,-0.22
2018-12-24 13:11:36.922446+00:00,-0.23
2018-12-24 13:11:39.456854+00:00,-0.24
2018-12-24 13:11:39.501991+00:00,-0.23
2018-12-24 13:11:40.701551+00:00,108.9
2018-12-24 13:11:40.702935+00:00,-0.24
2018-12-24 13:11:40.713146+00:00,-0.23
2018-12-24 13:11:40.938605+00:00,-0.22
2018-12-24 13:11:45.937941+00:00,-0.23
2018-12-24 13:11:47.944599+00:00,-0.24
2018-12-24 13:11:47.973182+00:00,-0.23
2018-12-24 13:11:48.014869+00:00,-0.22
2018-12-24 13:11:52.972668+00:00,-0.23
2018-12-24 13:11:53.014814+00:00,-0.24
2018-12-24 13:11:53.063932+00:00,-0.23
2018-12-24 13:11:54.640368+00:00,-0.22
2018-12-24 13:11:54.651891+00:00,108.92
2018-12-24 13:11:54.653182+00:00,-0.23
2018-12-24 13:11:54.662874+00:00,-0.22
2018-12-24 13:11:59.639681+00:00,-0.23
2018-12-24 13:12:01.065854+00:00,-0.24
2018-12-24 13:12:01.067319+00:00,-0.23
2018-12-24 13:12:01.505413+00:00,-0.22
2018-12-24 13:12:06.505490+00:00,-0.23
2018-12-24 13:12:17.035603+00:00,-0.22
2018-12-24 13:12:17.136118+00:00,-0.23
2018-12-24 13:12:17.171145+00:00,-0.22
2018-12-24 13:12:21.530640+00:00,-0.21
2018-12-24 13:12:22.171241+00:00,-0.22
2018-12-24 13:12:26.530156+00:00,-0.23
2018-12-24 13:12:28.783739+00:00,-0.22
2018-12-24 13:12:29.265930+00:00,108.93
2018-12-24 13:12:29.267342+00:00,-0.23
2018-12-24 13:12:29.295130+00:00,-0.22
2018-12-24 13:12:42.516097+00:00,-0.23
2018-12-24 13:12:42.539550+00:00,-0.22
2018-12-24 13:12:46.943653+00:00,-0.23
2018-12-24 13:12:47.085437+00:00,-0.22
2018-12-24 13:12:47.094119+00:00,-109.14
2018-12-24 13:12:47.095485+00:00,-0.23
2018-12-24 13:12:47.096751+00:00,-0.22
2018-12-24 13:12:52.085160+00:00,-0.23
2018-12-24 13:12:59.044571+00:00,-0.22
2018-12-24 13:13:04.043767+00:00,-0.23
2018-12-24 13:13:04.870323+00:00,-0.22
2018-12-24 13:13:04.881777+00:00,-109.14
2018-12-24 13:13:04.883211+00:00,-0.23
2018-12-24 13:13:04.892368+00:00,-0.22
2018-12-24 13:13:09.869901+00:00,-0.23
2018-12-24 13:13:09.915313+00:00,-0.22
2018-12-24 13:13:10.415192+00:00,-0.21
2018-12-24 13:13:14.914949+00:00,-0.22
2018-12-24 13:13:14.914955+00:00,108.93
2018-12-24 13:13:14.916299+00:00,-0.23
2018-12-24 13:13:15.909502+00:00,-0.24
2018-12-24 13:13:15.923794+00:00,-0.23
2018-12-24 13:13:16.445620+00:00,-0.22
2018-12-24 13:13:20.929576+00:00,-0.23
2018-12-24 13:13:21.933592+00:00,-0.22
2018-12-24 13:13:22.000363+00:00,-0.23
2018-12-24 13:13:24.260423+00:00,-0.22
2018-12-24 13:13:29.260005+00:00,-0.23
2018-12-24 13:13:29.905538+00:00,-0.22
2018-12-24 13:13:29.911894+00:00,-0.23
2018-12-24 13:13:29.924457+00:00,-0.22
2018-12-24 13:13:34.905065+00:00,-0.23
2018-12-24 13:13:41.922526+00:00,-0.22
2018-12-24 13:13:41.950796+00:00,108.94
2018-12-24 13:13:41.952242+00:00,-0.23
2018-12-24 13:13:41.976888+00:00,-0.22
2018-12-24 13:13:46.922069+00:00,-0.23
2018-12-24 13:13:48.893265+00:00,-0.22
2018-12-24 13:13:50.660386+00:00,-0.23
2018-12-24 13:13:50.691360+00:00,-0.22
2018-12-24 13:13:53.893104+00:00,-0.23
2018-12-24 13:14:06.272738+00:00,-0.22
2018-12-24 13:14:06.285826+00:00,-109.15
2018-12-24 13:14:06.287033+00:00,-0.23
2018-12-24 13:14:06.447698+00:00,-0.22
2018-12-24 13:14:11.272042+00:00,-0.23
2018-12-24 13:14:27.740388+00:00,-0.22
2018-12-24 13:14:27.750452+00:00,-0.23
2018-12-24 13:14:27.950428+00:00,-0.22
2018-12-24 13:14:32.740230+00:00,-0.23
2018-12-24 13:14:36.699515+00:00,-0.24
2018-12-24 13:14:36.760448+00:00,-0.23
2018-12-24 13:14:40.405389+00:00,-109.15
2018-12-24 13:14:40.406703+00:00,-0.24
2018-12-24 13:14:40.418760+00:00,-0.23
2018-12-24 13:14:47.951256+00:00,-0.22
2018-12-24 13:14:48.195965+00:00,-0.23
2018-12-24 13:14:48.236979+00:00,-0.22
2018-12-24 13:14:52.951072+00:00,-0.23
2018-12-24 13:15:00.080572+00:00,-0.24
2018-12-24 13:15:00.130963+00:00,-0.23
2018-12-24 13:15:03.969669+00:00,-0.22
2018-12-24 13:15:04.040387+00:00,-109.14
2018-12-24 13:15:04.041870+00:00,-0.23
2018-12-24 13:15:04.071605+00:00,-0.22
2018-12-24 13:15:08.968709+00:00,-0.23
2018-12-24 13:15:16.411323+00:00,-0.22
2018-12-24 13:15:16.470434+00:00,108.93
2018-12-24 13:15:16.472046+00:00,-0.23
2018-12-24 13:15:17.220432+00:00,-0.22
2018-12-24 13:15:21.797463+00:00,-0.23
2018-12-24 13:15:22.090428+00:00,-0.22
2018-12-24 13:15:23.180556+00:00,-0.23
2018-12-24 13:15:28.080528+00:00,-0.22
2018-12-24 13:15:28.095602+00:00,-0.23
2018-12-24 13:15:28.121674+00:00,-0.22
2018-12-24 13:15:33.586486+00:00,-0.23
2018-12-24 13:15:33.618990+00:00,-0.22
2018-12-24 13:15:34.360256+00:00,-0.23
2018-12-24 13:15:39.475386+00:00,-0.22
2018-12-24 13:15:53.650820+00:00,-0.23
2018-12-24 13:16:12.634666+00:00,-0.22
2018-12-24 13:16:12.640129+00:00,108.94
2018-12-24 13:16:12.641555+00:00,-0.23
2018-12-24 13:16:12.661217+00:00,-0.22
2018-12-24 13:16:17.660908+00:00,-0.23
2018-12-24 13:16:23.240476+00:00,-0.22
2018-12-24 13:16:27.329414+00:00,-0.21
2018-12-24 13:16:28.240310+00:00,-0.22
2018-12-24 13:16:28.240315+00:00,-109.16
2018-12-24 13:16:28.241765+00:00,-0.23
2018-12-24 13:16:28.751330+00:00,-0.22
2018-12-24 13:16:33.751059+00:00,-0.23
2018-12-24 13:16:34.786796+00:00,-0.22
2018-12-24 13:16:39.786210+00:00,-0.23
2018-12-24 13:16:42.401404+00:00,-0.22
2018-12-24 13:16:47.913269+00:00,-0.23
2018-12-24 13:16:48.335437+00:00,-0.22
2018-12-24 13:16:48.342357+00:00,-109.15
2018-12-24 13:16:48.343665+00:00,-0.23
2018-12-24 13:16:48.346303+00:00,-0.22
2018-12-24 13:16:53.334949+00:00,-0.23
2018-12-24 13:16:54.893905+00:00,-0.22
2018-12-24 13:16:54.895077+00:00,108.94
2018-12-24 13:16:54.896513+00:00,-0.23
2018-12-24 13:16:54.917171+00:00,-0.22
2018-12-24 13:16:59.917088+00:00,-0.23
2018-12-24 13:17:06.333355+00:00,-0.22
2018-12-24 13:17:06.401734+00:00,-0.23
2018-12-24 13:17:06.420598+00:00,-0.22
2018-12-24 13:17:11.332747+00:00,-0.23
2018-12-24 13:17:12.865405+00:00,-0.24
2018-12-24 13:17:12.865443+00:00,-0.23
2018-12-24 13:17:12.996973+00:00,-0.22
2018-12-24 13:17:17.175472+00:00,-0.21
2018-12-24 13:17:17.996912+00:00,-0.22
2018-12-24 13:17:17.997056+00:00,-109.15
2018-12-24 13:17:17.998495+00:00,-0.23
2018-12-24 13:17:18.485399+00:00,-0.22
2018-12-24 13:17:23.484705+00:00,-0.23
2018-12-24 13:17:23.666010+00:00,-0.24
2018-12-24 13:17:23.686814+00:00,-0.23
2018-12-24 13:17:23.733823+00:00,-0.22
2018-12-24 13:17:28.732743+00:00,-0.23
2018-12-24 13:17:38.008956+00:00,-0.22
2018-12-24 13:17:43.007860+00:00,-0.23
2018-12-24 13:17:44.816047+00:00,-0.22
2018-12-24 13:17:45.080993+00:00,-0.23
2018-12-24 13:17:45.102955+00:00,-0.22
2018-12-24 13:17:49.815792+00:00,-0.23
2018-12-24 13:17:54.539726+00:00,-0.22
2018-12-24 13:17:54.547618+00:00,-0.23
2018-12-24 13:17:54.568449+00:00,-0.22
2018-12-24 13:17:59.538905+00:00,-0.23
2018-12-24 13:18:00.013983+00:00,-0.22
2018-12-24 13:18:05.988488+00:00,-0.23
2018-12-24 13:18:06.012035+00:00,-0.22
2018-12-24 13:18:11.620866+00:00,-0.23
2018-12-24 13:18:11.733660+00:00,-0.22
2018-12-24 13:18:11.798803+00:00,108.94
2018-12-24 13:18:11.800275+00:00,-0.23
2018-12-24 13:18:12.029939+00:00,-0.22
2018-12-24 13:18:16.732692+00:00,-0.23
2018-12-24 13:18:20.992210+00:00,-0.24
2018-12-24 13:18:21.001357+00:00,-0.23
2018-12-24 13:18:37.345264+00:00,-0.22
2018-12-24 13:18:37.385605+00:00,-109.15
2018-12-24 13:18:37.386963+00:00,-0.23
2018-12-24 13:18:37.583766+00:00,-0.22
2018-12-24 13:18:42.582895+00:00,-0.23
2018-12-24 13:18:44.500422+00:00,-0.22
2018-12-24 13:18:44.590667+00:00,-109.14
2018-12-24 13:18:44.591991+00:00,-0.23
2018-12-24 13:18:44.670420+00:00,-0.22
2018-12-24 13:18:49.669768+00:00,-0.23
2018-12-24 13:19:10.855106+00:00,-0.22
2018-12-24 13:19:10.866683+00:00,-0.23
2018-12-24 13:19:10.921897+00:00,-0.22
2018-12-24 13:19:15.854176+00:00,-0.23
2018-12-24 13:19:21.421435+00:00,-109.14
2018-12-24 13:19:21.422853+00:00,-0.24
2018-12-24 13:19:21.466187+00:00,-0.23
2018-12-24 13:19:29.330299+00:00,-0.24
2018-12-24 13:19:29.368026+00:00,-0.23
2018-12-24 13:19:30.074483+00:00,-0.24
2018-12-24 13:19:30.081348+00:00,-0.23
2018-12-24 13:19:54.022327+00:00,-0.22
2018-12-24 13:19:59.021729+00:00,-0.23
2018-12-24 13:19:59.991067+00:00,-0.22
2018-12-24 13:20:00.150905+00:00,-0.23
2018-12-24 13:20:00.168299+00:00,-0.22
2018-12-24 13:20:04.990682+00:00,-0.23
2018-12-24 13:20:05.257063+00:00,-0.22
2018-12-24 13:20:07.532255+00:00,-109.13
2018-12-24 13:20:07.533580+00:00,-0.23
2018-12-24 13:20:08.582109+00:00,-0.22
2018-12-24 13:20:10.256625+00:00,-0.23
2018-12-24 13:20:19.742108+00:00,-0.22
2018-12-24 13:20:20.140121+00:00,108.92
2018-12-24 13:20:20.141298+00:00,-0.23
2018-12-24 13:20:20.166076+00:00,-0.22
2018-12-24 13:20:25.166103+00:00,-0.23
2018-12-24 13:20:25.584800+00:00,-0.22
2018-12-24 13:20:30.583830+00:00,-0.23
2018-12-24 13:20:32.908977+00:00,-0.22
2018-12-24 13:20:39.376196+00:00,-0.23
2018-12-24 13:20:39.382242+00:00,-0.24
2018-12-24 13:20:39.396610+00:00,-0.23
2018-12-24 13:20:42.077954+00:00,-0.22
2018-12-24 13:20:44.396372+00:00,-0.23
2018-12-24 13:20:46.657555+00:00,-0.22
2018-12-24 13:20:47.077654+00:00,-0.23
2018-12-24 13:20:57.761507+00:00,-0.22
2018-12-24 13:20:57.825438+00:00,-0.23
2018-12-24 13:21:07.615286+00:00,-0.22
2018-12-24 13:21:07.640942+00:00,-0.23
2018-12-24 13:21:07.663005+00:00,-0.22
2018-12-24 13:21:12.614876+00:00,-0.23
2018-12-24 13:21:12.662652+00:00,-0.24
2018-12-24 13:21:23.047779+00:00,-0.23
2018-12-24 13:21:24.704878+00:00,-0.22
2018-12-24 13:21:29.704506+00:00,-0.23
2018-12-24 13:21:30.433637+00:00,-0.24
2018-12-24 13:21:30.446187+00:00,-0.23
2018-12-24 13:21:38.694919+00:00,-0.22
2018-12-24 13:21:47.069258+00:00,-0.23
2018-12-24 13:21:55.157309+00:00,-0.22
2018-12-24 13:22:00.156394+00:00,-0.23
2018-12-24 13:22:09.648981+00:00,-0.24
2018-12-24 13:22:09.659404+00:00,-0.23
2018-12-24 13:22:09.666145+00:00,-0.22
2018-12-24 13:22:14.666467+00:00,-0.23
2018-12-24 13:22:23.411598+00:00,-0.22
2018-12-24 13:22:23.460943+00:00,108.93
2018-12-24 13:22:23.462252+00:00,-0.23
2018-12-24 13:22:23.481361+00:00,-0.22
2018-12-24 13:22:28.507112+00:00,-0.23
2018-12-24 13:22:30.001911+00:00,-0.22
2018-12-24 13:22:33.050950+00:00,-0.23
2018-12-24 13:22:33.072113+00:00,-0.22
2018-12-24 13:22:38.040824+00:00,-0.23
2018-12-24 13:22:38.043792+00:00,-0.22
2018-12-24 13:22:38.071863+00:00,-0.23
2018-12-24 13:22:43.042912+00:00,-0.24
2018-12-24 13:22:50.993238+00:00,-0.23
2018-12-24 13:22:59.929888+00:00,-0.22
2018-12-24 13:22:59.935293+00:00,108.94
2018-12-24 13:22:59.936690+00:00,-0.23
2018-12-24 13:22:59.940873+00:00,-0.22
2018-12-24 13:23:00.451012+00:00,-0.21
2018-12-24 13:23:04.929799+00:00,-0.22
2018-12-24 13:23:05.450967+00:00,-0.23
2018-12-24 13:23:23.770465+00:00,-0.22
2018-12-24 13:23:23.790369+00:00,-109.15
2018-12-24 13:23:23.791781+00:00,-0.23
2018-12-24 13:23:23.792639+00:00,-0.22
2018-12-24 13:23:28.791709+00:00,-0.23
2018-12-24 13:23:30.536505+00:00,-109.15
2018-12-24 13:23:30.537923+00:00,-0.24
2018-12-24 13:23:30.541169+00:00,-0.23
2018-12-24 13:23:30.562973+00:00,-0.22
2018-12-24 13:23:35.540882+00:00,-0.23
2018-12-24 13:23:46.741050+00:00,108.92
2018-12-24 13:23:46.742388+00:00,-0.24
2018-12-24 13:23:46.761093+00:00,-0.23
2018-12-24 13:23:54.114434+00:00,-0.22
2018-12-24 13:23:54.170919+00:00,-0.23
2018-12-24 13:23:54.191217+00:00,-0.22
2018-12-24 13:23:59.190955+00:00,-0.23
2018-12-24 13:23:59.340804+00:00,-0.22
2018-12-24 13:23:59.402950+00:00,-0.23
2018-12-24 13:23:59.410799+00:00,-0.22
2018-12-24 13:24:04.410605+00:00,-0.23
2018-12-24 13:24:08.289271+00:00,-0.22
2018-12-24 13:24:08.355356+00:00,-0.23
2018-12-24 13:24:09.228476+00:00,-0.22
2018-12-24 13:24:10.557301+00:00,-0.21
2018-12-24 13:24:13.096938+00:00,-0.20
2018-12-24 13:24:13.288638+00:00,-0.21
2018-12-24 13:24:13.288687+00:00,-109.13
2018-12-24 13:24:13.289987+00:00,-0.23
2018-12-24 13:24:13.680339+00:00,-0.22
2018-12-24 13:24:18.102039+00:00,-0.21
2018-12-24 13:24:18.679629+00:00,-0.22
2018-12-24 13:24:18.679747+00:00,-109.12
2018-12-24 13:24:18.680977+00:00,-0.23
2018-12-24 13:24:19.635337+00:00,-0.22
2018-12-24 13:24:20.721049+00:00,-0.21
2018-12-24 13:24:24.634708+00:00,-0.22
2018-12-24 13:24:25.720706+00:00,-0.23
2018-12-24 13:24:25.809325+00:00,108.89
2018-12-24 13:24:25.810510+00:00,-0.23
2018-12-24 13:24:27.362576+00:00,-0.22
2018-12-24 13:24:30.809468+00:00,108.9
2018-12-24 13:24:30.810576+00:00,-0.23
2018-12-24 13:24:35.881338+00:00,108.9
2018-12-24 13:24:35.882525+00:00,-0.24
2018-12-24 13:24:35.958506+00:00,-0.23
2018-12-24 13:24:42.575489+00:00,-0.24
2018-12-24 13:24:42.576762+00:00,-0.23
2018-12-24 13:24:47.757223+00:00,-0.24
2018-12-24 13:24:47.758450+00:00,-0.23
2018-12-24 13:24:52.714275+00:00,-0.24
2018-12-24 13:24:52.757088+00:00,-0.23
2018-12-24 13:24:54.593848+00:00,-0.22
2018-12-24 13:24:57.756901+00:00,-0.23
2018-12-24 13:24:59.594365+00:00,-0.24
2018-12-24 13:25:00.400537+00:00,-0.23
2018-12-24 13:25:01.264051+00:00,-0.22
2018-12-24 13:25:05.399638+00:00,-0.23
2018-12-24 13:25:06.264277+00:00,-0.24
2018-12-24 13:25:06.475671+00:00,-0.23
2018-12-24 13:25:11.474694+00:00,-0.24
2018-12-24 13:25:12.587985+00:00,-0.23
2018-12-24 13:25:17.309003+00:00,-0.22
2018-12-24 13:25:17.587708+00:00,-0.23
2018-12-24 13:25:24.846503+00:00,-0.24
2018-12-24 13:25:24.852293+00:00,-0.23
2018-12-24 13:25:25.130244+00:00,-0.22
2018-12-24 13:25:29.851599+00:00,-0.23
2018-12-24 13:25:29.925082+00:00,-0.22
2018-12-24 13:25:30.129629+00:00,-0.23
2018-12-24 13:25:32.669057+00:00,-0.22
2018-12-24 13:25:35.455427+00:00,-0.23
2018-12-24 13:25:35.466189+00:00,-0.22
2018-12-24 13:25:39.089561+00:00,-0.23
2018-12-24 13:25:40.156987+00:00,-0.22
2018-12-24 13:25:40.465454+00:00,-0.23
2018-12-24 13:25:40.484987+00:00,-0.22
2018-12-24 13:25:45.156731+00:00,-0.23
2018-12-24 13:25:45.484267+00:00,-0.24
2018-12-24 13:25:46.032702+00:00,-0.23
2018-12-24 13:25:46.194128+00:00,-0.22
2018-12-24 13:25:51.193841+00:00,-0.23
2018-12-24 13:25:51.967131+00:00,-0.22
2018-12-24 13:25:51.985767+00:00,-0.23
2018-12-24 13:25:55.231495+00:00,-0.22
2018-12-24 13:25:57.218673+00:00,-0.15
2018-12-24 13:25:57.218826+00:00,-0.08
2018-12-24 13:25:57.219117+00:00,-0.07
2018-12-24 13:25:57.219176+00:00,-0.06
2018-12-24 13:28:12.229707+00:00,-0.07
2018-12-24 13:28:42.224770+00:00,108.99
2018-12-24 13:28:42.225876+00:00,-0.08
2018-12-24 13:34:42.221072+00:00,-0.09
2018-12-24 13:37:03.892614+00:00,-0.07
2018-12-24 13:37:48.901276+00:00,-0.05
2018-12-24 13:37:49.128587+00:00,-0.03
2018-12-24 13:37:49.425900+00:00,-0.05
2018-12-24 13:37:49.427157+00:00,-0.04
2018-12-24 13:37:49.498988+00:00,-0.03
2018-12-24 13:37:49.619296+00:00,-0.04
2018-12-24 13:37:49.639846+00:00,-0.03
2018-12-24 13:37:53.596844+00:00,-0.04
2018-12-24 13:37:55.046221+00:00,-0.03
2018-12-24 13:37:55.065993+00:00,-0.03
2018-12-24 13:37:55.086422+00:00,-0.03
2018-12-24 13:37:55.205515+00:00,-0.03
2018-12-24 13:37:55.221842+00:00,-0.03
2018-12-24 13:37:55.469383+00:00,-0.03
2018-12-24 13:37:55.480958+00:00,-0.03
2018-12-24 13:38:03.941739+00:00,-109.03
2018-12-24 13:38:03.942784+00:00,-109.02
2018-12-24 13:38:03.943091+00:00,-0.03
2018-12-24 13:38:04.456393+00:00,-0.03
2018-12-24 13:38:04.532524+00:00,-0.03
2018-12-24 13:38:04.532646+00:00,-0.04
2018-12-24 13:38:04.555159+00:00,-0.03
2018-12-24 13:38:04.585888+00:00,-0.03
2018-12-24 13:38:04.641265+00:00,-0.03
2018-12-24 13:38:04.780279+00:00,-0.03
2018-12-24 13:38:05.220126+00:00,-0.03
2018-12-24 13:38:10.319739+00:00,-0.02
2018-12-24 13:38:11.462821+00:00,-0.02
2018-12-24 13:38:11.481592+00:00,-0.02
2018-12-24 13:38:11.520926+00:00,-0.03
2018-12-24 13:38:12.986783+00:00,-0.04
2018-12-24 13:38:12.986977+00:00,-0.03
2018-12-24 13:38:13.119659+00:00,-0.03
2018-12-24 13:38:13.123831+00:00,-0.03
2018-12-24 13:38:23.268083+00:00,-0.02
2018-12-24 13:38:23.279932+00:00,-0.03
2018-12-24 13:38:23.380958+00:00,-0.02
2018-12-24 13:38:23.541924+00:00,-0.03
2018-12-24 13:38:23.563402+00:00,-0.02
2018-12-24 13:38:23.820524+00:00,-109.01
2018-12-24 13:38:23.821818+00:00,-0.03
2018-12-24 13:38:23.847241+00:00,-0.02
2018-12-24 13:38:23.870266+00:00,-0.03
2018-12-24 13:38:33.005442+00:00,-0.02
2018-12-24 13:38:33.718299+00:00,-0.03
2018-12-24 13:38:34.107452+00:00,-0.02
2018-12-24 13:38:38.135701+00:00,-0.02
2018-12-24 13:38:38.320924+00:00,-0.02
2018-12-24 13:38:38.480522+00:00,-0.03
2018-12-24 13:38:38.494025+00:00,-0.03
2018-12-24 13:38:38.495199+00:00,-0.03
2018-12-24 13:39:12.518445+00:00,-0.03
2018-12-24 13:39:12.545451+00:00,-0.02
2018-12-24 13:39:12.575598+00:00,-0.03
2018-12-24 13:39:12.596011+00:00,-0.04
2018-12-24 13:39:12.597386+00:00,-0.04
2018-12-24 13:39:12.630520+00:00,-0.03
2018-12-24 13:39:12.698493+00:00,-0.04
2018-12-24 13:39:12.703363+00:00,-0.03
2018-12-24 13:39:12.709697+00:00,-0.04
2018-12-24 13:39:13.823673+00:00,-0.03
2018-12-24 13:39:46.229072+00:00,-0.02
2018-12-24 13:39:46.231163+00:00,-0.03
2018-12-24 13:39:48.657268+00:00,-0.02
2018-12-24 13:39:48.725557+00:00,-0.02
2018-12-24 13:39:48.875737+00:00,-109.01
2018-12-24 13:39:48.876831+00:00,-0.03
2018-12-24 13:39:48.886198+00:00,-0.03
2018-12-24 13:39:48.886212+00:00,-0.04
2018-12-24 13:39:48.906689+00:00,-0.03
2018-12-24 13:39:48.906789+00:00,-0.02
2018-12-24 13:39:49.160767+00:00,-0.03
2018-12-24 13:39:49.315824+00:00,-0.02
2018-12-24 13:39:52.216074+00:00,-0.02
2018-12-24 13:39:52.650134+00:00,-0.02
2018-12-24 13:39:54.535375+00:00,-0.03
2018-12-24 13:40:00.320300+00:00,-0.03
2018-12-24 13:40:00.452708+00:00,-0.03
2018-12-24 13:40:00.511787+00:00,-0.03
2018-12-24 13:40:00.572182+00:00,-0.03
2018-12-24 13:40:00.601291+00:00,-0.03
2018-12-24 13:40:00.638692+00:00,-0.03
2018-12-24 13:40:02.245186+00:00,-0.03
2018-12-24 13:40:02.321401+00:00,-0.03
2018-12-24 13:40:04.381051+00:00,-0.03
2018-12-24 13:40:04.503829+00:00,-0.03
2018-12-24 13:40:04.508134+00:00,-0.03
2018-12-24 13:40:04.519207+00:00,-0.03
2018-12-24 13:40:10.242996+00:00,-0.03
2018-12-24 13:40:10.459475+00:00,-0.03
2018-12-24 13:40:11.908371+00:00,-0.03
2018-12-24 13:40:12.027938+00:00,-0.03
2018-12-24 13:40:12.478864+00:00,-0.03
2018-12-24 13:40:12.579025+00:00,-0.03
2018-12-24 13:40:12.820099+00:00,-0.03
2018-12-24 13:40:12.958308+00:00,-0.03
2018-12-24 13:40:13.320006+00:00,-0.03
2018-12-24 13:40:13.374618+00:00,-0.03
2018-12-24 13:40:13.484789+00:00,-0.03
2018-12-24 13:40:15.029889+00:00,-0.03
2018-12-24 13:40:15.107995+00:00,-0.03
2018-12-24 13:41:01.686743+00:00,-0.02
2018-12-24 13:41:01.689343+00:00,-109
2018-12-24 13:41:01.690662+00:00,-0.04
2018-12-24 13:41:01.694760+00:00,-0.03
2018-12-24 13:41:01.750706+00:00,-0.03
2018-12-24 13:41:02.054543+00:00,-0.03
2018-12-24 13:41:02.223563+00:00,-0.03
2018-12-24 13:41:02.311259+00:00,-0.03
2018-12-24 13:41:03.223189+00:00,-0.03
2018-12-24 13:41:03.963097+00:00,-0.03
2018-12-24 13:41:03.986926+00:00,-0.03
2018-12-24 13:41:04.087128+00:00,-0.03
2018-12-24 13:41:04.088929+00:00,-0.03
2018-12-24 13:41:04.096427+00:00,-0.03
2018-12-24 13:41:04.120192+00:00,-0.03
2018-12-24 13:41:04.222873+00:00,-0.03
2018-12-24 13:41:04.525833+00:00,-0.03
2018-12-24 13:41:04.529825+00:00,-0.04
2018-12-24 13:41:04.547268+00:00,-0.03
2018-12-24 13:41:06.693947+00:00,-0.04
2018-12-24 13:41:12.229812+00:00,-109
2018-12-24 13:41:12.231060+00:00,-0.05
2018-12-24 13:41:37.331093+00:00,-0.06
2018-12-24 13:41:37.343944+00:00,-0.05
2018-12-24 13:41:37.346986+00:00,-0.06
2018-12-24 13:41:37.351125+00:00,-0.05
2018-12-24 13:41:37.386547+00:00,-0.05
2018-12-24 13:41:37.400307+00:00,-0.05
2018-12-24 13:41:37.616346+00:00,-0.05
2018-12-24 13:41:37.638510+00:00,-0.05
2018-12-24 13:41:41.649812+00:00,-0.03
2018-12-24 13:41:41.715260+00:00,-0.03
2018-12-24 13:41:41.715302+00:00,-0.04
2018-12-24 13:41:42.090733+00:00,-0.04
2018-12-24 13:41:42.130110+00:00,-0.04
2018-12-24 13:41:42.290711+00:00,-0.04
2018-12-24 13:41:42.331836+00:00,-0.04
2018-12-24 13:41:45.120980+00:00,-0.02
2018-12-24 13:41:45.137418+00:00,-0.02
2018-12-24 13:41:45.137491+00:00,108.99
2018-12-24 13:41:45.138843+00:00,-0.03
2018-12-24 13:41:45.145698+00:00,-0.02
2018-12-24 13:41:45.148307+00:00,-0.03
2018-12-24 13:41:45.149455+00:00,-0.02
2018-12-24 13:41:45.180361+00:00,-0.03
2018-12-24 13:41:45.289831+00:00,-0.03
2018-12-24 13:41:45.291176+00:00,-0.03
2018-12-24 13:41:45.383199+00:00,-0.03
2018-12-24 13:41:45.420431+00:00,-0.05
2018-12-24 13:41:45.421808+00:00,-0.05
2018-12-24 13:41:47.751271+00:00,-0.04
2018-12-24 13:41:51.725780+00:00,-0.05
2018-12-24 13:41:51.854275+00:00,-0.04
2018-12-24 13:41:54.333287+00:00,-0.05
2018-12-24 13:41:54.334646+00:00,-0.04
2018-12-24 13:41:57.479670+00:00,-0.05
2018-12-24 13:41:59.039740+00:00,-0.04
2018-12-24 13:42:03.670167+00:00,-0.04
2018-12-24 13:42:03.670255+00:00,109
2018-12-24 13:42:03.671542+00:00,-0.05
2018-12-24 13:42:03.671727+00:00,-0.05
2018-12-24 13:42:03.676102+00:00,-0.04
2018-12-24 13:42:03.721021+00:00,-0.05
2018-12-24 13:42:03.741196+00:00,-0.04
2018-12-24 13:42:03.756103+00:00,-0.05
2018-12-24 13:42:03.757491+00:00,-0.04
2018-12-24 13:42:23.328709+00:00,-0.05
2018-12-24 13:42:28.763921+00:00,-0.04
2018-12-24 13:42:29.649680+00:00,-0.05
2018-12-24 13:42:30.348243+00:00,-0.04
2018-12-24 13:42:30.711189+00:00,-0.05
2018-12-24 13:42:30.720913+00:00,-0.04
2018-12-24 13:42:34.420400+00:00,-0.02
2018-12-24 13:42:34.429817+00:00,-0.03
2018-12-24 13:42:34.941916+00:00,-0.03
2018-12-24 13:42:34.977196+00:00,-0.03
2018-12-24 13:42:40.880540+00:00,-109.03
2018-12-24 13:42:40.881661+00:00,-0.04
2018-12-24 13:42:41.769707+00:00,-0.03
2018-12-24 13:42:50.252273+00:00,-0.03
2018-12-24 13:42:50.252332+00:00,-0.05
2018-12-24 13:42:50.253418+00:00,-0.04
2018-12-24 13:42:50.253532+00:00,-0.04
2018-12-24 13:42:50.259696+00:00,-0.03
2018-12-24 13:43:07.360258+00:00,-0.03
2018-12-24 13:43:07.367853+00:00,-0.03
2018-12-24 13:43:20.042997+00:00,-0.04
2018-12-24 13:43:20.043011+00:00,-0.03
2018-12-24 13:43:20.049452+00:00,-0.03
2018-12-24 13:43:20.050772+00:00,-109.03
2018-12-24 13:43:20.051950+00:00,-0.04
2018-12-24 13:43:23.918039+00:00,-0.03
2018-12-24 13:43:24.006807+00:00,-0.03
2018-12-24 13:43:24.306792+00:00,-0.03
2018-12-24 13:43:24.306847+00:00,-0.02
2018-12-24 13:43:24.375895+00:00,-0.03
2018-12-24 13:43:24.446215+00:00,-0.04
2018-12-24 13:43:24.446383+00:00,-0.03
2018-12-24 13:43:39.323570+00:00,-0.03
2018-12-24 13:43:39.385103+00:00,-0.03
2018-12-24 13:43:39.396742+00:00,-0.03
2018-12-24 13:43:47.960181+00:00,-109.02
2018-12-24 13:43:47.961511+00:00,-0.04
2018-12-24 13:43:48.038503+00:00,-0.03
2018-12-24 13:43:54.490592+00:00,-0.02
2018-12-24 13:43:54.702189+00:00,-0.03
2018-12-24 13:43:56.578331+00:00,-0.02
2018-12-24 13:44:00.785271+00:00,-0.03
2018-12-24 13:44:02.392941+00:00,-0.03
2018-12-24 13:44:02.478922+00:00,108.99
2018-12-24 13:44:02.479042+00:00,-0.04
2018-12-24 13:44:02.480137+00:00,-0.04
2018-12-24 13:44:02.635259+00:00,-0.03
2018-12-24 13:44:06.571992+00:00,-0.04
2018-12-24 13:44:10.814622+00:00,-0.03
2018-12-24 13:44:11.178304+00:00,-0.04
2018-12-24 13:44:11.186449+00:00,-0.03
2018-12-24 13:44:11.367373+00:00,-0.04
2018-12-24 13:44:11.369746+00:00,-0.03
2018-12-24 13:44:11.495900+00:00,-0.03
2018-12-24 13:44:11.495941+00:00,-0.03
2018-12-24 13:44:11.499716+00:00,109
2018-12-24 13:44:11.499768+00:00,-0.04
2018-12-24 13:44:11.500933+00:00,-0.04
2018-12-24 13:44:11.522851+00:00,-0.03
2018-12-24 13:44:13.850896+00:00,-0.03
2018-12-24 13:44:13.882233+00:00,-0.03
2018-12-24 13:44:13.936650+00:00,-0.03
2018-12-24 13:44:13.941824+00:00,-0.03
2018-12-24 13:44:13.944551+00:00,-0.03
2018-12-24 13:44:13.970383+00:00,-0.04
2018-12-24 13:44:13.998073+00:00,-0.03
2018-12-24 13:44:14.025818+00:00,-0.03
2018-12-24 13:44:14.061046+00:00,-0.03
2018-12-24 13:44:14.086591+00:00,-0.03
2018-12-24 13:44:14.132663+00:00,-0.03
2018-12-24 13:44:14.166030+00:00,-0.03
2018-12-24 13:44:14.190766+00:00,-0.03
2018-12-24 13:44:17.512402+00:00,-0.03
2018-12-24 13:44:23.232203+00:00,-0.03
2018-12-24 13:44:23.237881+00:00,-0.03
2018-12-24 13:44:23.241866+00:00,-0.03
2018-12-24 13:44:23.248576+00:00,-0.03
2018-12-24 13:44:23.293947+00:00,-0.03
2018-12-24 13:44:25.233952+00:00,-0.03
2018-12-24 13:44:25.235081+00:00,-0.03
2018-12-24 13:44:28.310589+00:00,-0.02
2018-12-24 13:44:28.370806+00:00,-0.02
2018-12-24 13:44:28.384763+00:00,-0.03
2018-12-24 13:44:28.410653+00:00,-0.02
2018-12-24 13:44:28.410724+00:00,-0.03
2018-12-24 13:44:28.421155+00:00,-0.03
2018-12-24 13:44:28.435768+00:00,-0.03
2018-12-24 13:44:28.454960+00:00,-0.03
2018-12-24 13:44:28.455000+00:00,-0.04
2018-12-24 13:44:28.475378+00:00,-0.03
2018-12-24 13:44:28.508415+00:00,-0.03
2018-12-24 13:44:28.528926+00:00,-0.03
2018-12-24 13:44:28.621274+00:00,-0.03
2018-12-24 13:44:28.621349+00:00,-0.02
2018-12-24 13:44:28.636198+00:00,-0.03
2018-12-24 13:44:28.746819+00:00,-0.04
2018-12-24 13:44:28.785593+00:00,-0.03
2018-12-24 13:44:28.792102+00:00,-0.04
2018-12-24 13:44:28.845891+00:00,-0.03
2018-12-24 13:44:30.099734+00:00,-0.04
2018-12-24 13:44:30.100891+00:00,-0.03
2018-12-24 13:44:31.033918+00:00,-0.04
2018-12-24 13:44:31.080194+00:00,-0.03
2018-12-24 13:44:31.095279+00:00,-0.04
2018-12-24 13:44:31.109875+00:00,-0.03
2018-12-24 13:44:31.625971+00:00,-0.03
2018-12-24 13:44:31.643030+00:00,-0.03
2018-12-24 13:44:40.220797+00:00,-0.03
2018-12-24 13:44:40.225654+00:00,-0.03
2018-12-24 13:44:40.234261+00:00,-0.03
2018-12-24 13:44:40.236901+00:00,-0.03
2018-12-24 13:44:40.251886+00:00,-0.03
2018-12-24 13:44:40.278719+00:00,-0.03
2018-12-24 13:44:40.293623+00:00,-0.03
2018-12-24 13:44:40.793820+00:00,-0.02
2018-12-24 13:44:41.604161+00:00,-0.03
2018-12-24 13:44:45.056345+00:00,-0.02
2018-12-24 13:44:45.181052+00:00,-0.03
2018-12-24 13:44:45.551513+00:00,-0.02
2018-12-24 13:44:45.836812+00:00,-0.03
2018-12-24 13:44:46.630187+00:00,-0.03
2018-12-24 13:44:56.909432+00:00,-0.03
2018-12-24 13:44:56.925946+00:00,-0.03
2018-12-24 13:44:56.955876+00:00,-109.03
2018-12-24 13:44:56.957006+00:00,-0.04
2018-12-24 13:44:56.965616+00:00,-0.03
2018-12-24 13:44:57.107561+00:00,-0.04
2018-12-24 13:44:57.128867+00:00,-0.03
2018-12-24 13:44:57.186446+00:00,-0.03
2018-12-24 13:44:57.190474+00:00,-0.04
2018-12-24 13:44:57.202674+00:00,-0.04
2018-12-24 13:44:57.212383+00:00,-0.03
2018-12-24 13:45:20.983726+00:00,-0.04
2018-12-24 13:45:20.985555+00:00,-0.03
2018-12-24 13:45:39.629514+00:00,-0.04
2018-12-24 13:45:39.629661+00:00,-0.03
2018-12-24 13:45:39.709574+00:00,-0.03
2018-12-24 13:45:41.593829+00:00,-0.03
2018-12-24 13:45:41.601714+00:00,-0.02
2018-12-24 13:45:41.721243+00:00,-0.03
2018-12-24 13:45:41.725862+00:00,-0.02
2018-12-24 13:45:41.786184+00:00,-0.03
2018-12-24 13:45:41.786369+00:00,-0.04
2018-12-24 13:45:41.806398+00:00,-0.03
2018-12-24 13:45:42.498162+00:00,-0.02
2018-12-24 13:45:45.790220+00:00,-0.03
2018-12-24 13:45:46.833616+00:00,-0.03
2018-12-24 13:45:46.836644+00:00,-0.03
2018-12-24 13:45:49.239779+00:00,-0.02
2018-12-24 13:45:49.551730+00:00,-0.02
2018-12-24 13:45:49.560594+00:00,-0.02
2018-12-24 13:45:49.561480+00:00,-0.03
2018-12-24 13:45:49.616227+00:00,-0.02
2018-12-24 13:45:49.965292+00:00,-0.03
2018-12-24 13:45:50.057262+00:00,-0.02
2018-12-24 13:45:53.567478+00:00,-0.03
2018-12-24 13:45:53.612338+00:00,-0.03
2018-12-24 13:45:53.627892+00:00,-0.03
2018-12-24 13:45:53.705323+00:00,-0.03
2018-12-24 13:46:10.907389+00:00,-0.03
2018-12-24 13:46:10.908542+00:00,-0.03
2018-12-24 13:46:10.913053+00:00,-0.03
2018-12-24 13:46:11.018459+00:00,-0.02
2018-12-24 13:46:11.081011+00:00,-0.03
2018-12-24 13:46:11.218337+00:00,-0.02
2018-12-24 13:46:11.350893+00:00,-0.03
2018-12-24 13:46:11.518761+00:00,-0.04
2018-12-24 13:46:12.333779+00:00,-0.03
2018-12-24 13:46:17.183637+00:00,-0.02
2018-12-24 13:46:19.970263+00:00,-0.03
2018-12-24 13:46:20.193313+00:00,-0.04
2018-12-24 13:46:20.241422+00:00,-0.03
2018-12-24 13:46:20.341560+00:00,-0.04
2018-12-24 13:46:20.341667+00:00,-0.03
2018-12-24 13:46:21.165168+00:00,-0.02
2018-12-24 13:46:22.165807+00:00,-0.03
2018-12-24 13:46:22.611187+00:00,-0.04
2018-12-24 13:46:22.611283+00:00,-0.03
2018-12-24 13:46:23.243528+00:00,-0.03
2018-12-24 13:46:25.728708+00:00,-0.03
2018-12-24 13:46:25.729930+00:00,-0.03
2018-12-24 13:46:25.744280+00:00,-0.03
2018-12-24 13:46:26.049150+00:00,-0.04
2018-12-24 13:46:26.078882+00:00,-0.03
2018-12-24 13:46:28.238181+00:00,-0.02
2018-12-24 13:46:28.241602+00:00,-109.01
2018-12-24 13:46:28.242776+00:00,-0.03
2018-12-24 13:46:28.248201+00:00,-0.03
2018-12-24 13:46:28.314107+00:00,-0.02
2018-12-24 13:46:28.319933+00:00,-0.02
2018-12-24 13:46:28.335603+00:00,-0.02
2018-12-24 13:46:28.396168+00:00,-0.02
2018-12-24 13:46:28.415241+00:00,-0.03
2018-12-24 13:46:28.435854+00:00,-0.02
2018-12-24 13:46:28.586984+00:00,-0.03
2018-12-24 13:46:34.240674+00:00,-0.02
2018-12-24 13:46:34.248783+00:00,-0.02
2018-12-24 13:46:34.329716+00:00,-0.02
2018-12-24 13:46:34.346022+00:00,-0.03
2018-12-24 13:46:39.350762+00:00,-0.03
2018-12-24 13:46:39.351774+00:00,-0.03
2018-12-24 13:46:55.810064+00:00,-0.02
2018-12-24 13:46:55.837212+00:00,-0.03
2018-12-24 13:46:55.890803+00:00,-109.01
2018-12-24 13:46:55.890916+00:00,-109
2018-12-24 13:46:55.892068+00:00,-0.03
2018-12-24 13:46:55.990426+00:00,-0.03
2018-12-24 13:46:55.991527+00:00,-0.03
2018-12-24 13:46:56.218856+00:00,-0.03
2018-12-24 13:46:56.344573+00:00,-0.03
2018-12-24 13:46:56.499487+00:00,-0.03
2018-12-24 13:46:56.512074+00:00,-0.04
2018-12-24 13:46:56.530321+00:00,-0.03
2018-12-24 13:46:56.531859+00:00,-0.04
2018-12-24 13:46:56.543970+00:00,-0.03
2018-12-24 13:46:56.575935+00:00,-0.03
2018-12-24 13:46:56.596365+00:00,-0.03
2018-12-24 13:46:56.605347+00:00,-0.03
2018-12-24 13:46:56.606865+00:00,-0.03
2018-12-24 13:46:56.614893+00:00,-0.03
2018-12-24 13:46:56.624082+00:00,-0.03
2018-12-24 13:46:57.605533+00:00,-0.02
2018-12-24 13:46:57.617396+00:00,-0.02
2018-12-24 13:46:57.617420+00:00,-0.03
2018-12-24 13:47:19.813930+00:00,-0.04
2018-12-24 13:47:19.849418+00:00,-0.03
2018-12-24 13:47:46.155379+00:00,-0.03
2018-12-24 13:47:46.202719+00:00,-0.03
2018-12-24 13:48:03.167740+00:00,-0.03
2018-12-24 13:48:03.167799+00:00,108.98
2018-12-24 13:48:03.168923+00:00,-0.05
2018-12-24 13:48:03.176931+00:00,-0.04
2018-12-24 13:48:35.539337+00:00,-0.03
2018-12-24 13:48:36.456047+00:00,-0.03
2018-12-24 13:48:36.457263+00:00,-0.03
2018-12-24 13:48:36.466122+00:00,-0.03
2018-12-24 13:48:36.467244+00:00,-0.03
2018-12-24 13:48:51.789944+00:00,-0.03
2018-12-24 13:48:52.185882+00:00,-0.03
2018-12-24 13:48:53.090631+00:00,-0.03
2018-12-24 13:48:53.120724+00:00,-0.02
2018-12-24 13:48:53.306411+00:00,-0.03
2018-12-24 13:48:59.364164+00:00,-0.04
2018-12-24 13:48:59.401632+00:00,-0.03
2018-12-24 13:49:00.813031+00:00,-0.02
2018-12-24 13:49:01.753154+00:00,-0.03
2018-12-24 13:49:01.972848+00:00,-0.02
2018-12-24 13:49:01.980855+00:00,-0.03
2018-12-24 13:49:05.040752+00:00,-0.02
2018-12-24 13:49:18.043989+00:00,-0.02
2018-12-24 13:49:18.045387+00:00,-0.03
2018-12-24 13:49:18.791262+00:00,-0.03
2018-12-24 13:49:18.802173+00:00,-0.03
2018-12-24 13:49:18.810279+00:00,-0.03
2018-12-24 13:49:18.811293+00:00,-0.03
2018-12-24 13:49:25.149027+00:00,-0.02
2018-12-24 13:49:25.153611+00:00,-0.02
2018-12-24 13:49:25.154840+00:00,-0.02
2018-12-24 13:49:25.157328+00:00,-0.03
2018-12-24 13:49:25.205399+00:00,-0.03
2018-12-24 13:49:25.211980+00:00,-0.02
2018-12-24 13:49:25.410785+00:00,-0.03
2018-12-24 13:49:26.926208+00:00,-0.02
2018-12-24 13:49:26.997519+00:00,-0.03
2018-12-24 13:49:27.170994+00:00,-0.02
2018-12-24 13:49:27.430359+00:00,-0.03
2018-12-24 13:49:30.122345+00:00,-0.02
2018-12-24 13:49:30.123249+00:00,-0.02
2018-12-24 13:49:30.126538+00:00,-0.03
2018-12-24 13:49:30.128957+00:00,-0.02
2018-12-24 13:49:30.133507+00:00,-0.02
2018-12-24 13:49:30.185349+00:00,-0.02
2018-12-24 13:49:30.211195+00:00,-0.02
2018-12-24 13:49:30.290672+00:00,-0.03
2018-12-24 13:49:30.306844+00:00,-0.04
2018-12-24 13:49:30.711354+00:00,-0.03
2018-12-24 13:49:31.244471+00:00,-0.02
2018-12-24 13:49:32.272228+00:00,-0.03
2018-12-24 13:49:35.138175+00:00,-0.02
2018-12-24 13:49:35.218166+00:00,-0.03
2018-12-24 13:49:35.363766+00:00,-0.03
2018-12-24 13:49:35.496183+00:00,-0.03
2018-12-24 13:49:35.971323+00:00,-0.03
2018-12-24 13:50:01.488089+00:00,-0.03
2018-12-24 13:50:01.504671+00:00,-0.03
2018-12-24 13:50:01.771596+00:00,-0.03
2018-12-24 13:50:01.772703+00:00,-0.03
2018-12-24 13:50:03.331139+00:00,-0.03
2018-12-24 13:50:03.398582+00:00,-0.02
2018-12-24 13:50:03.463602+00:00,-0.03
2018-12-24 13:50:04.959298+00:00,-0.04
2018-12-24 13:50:04.961700+00:00,-0.03
2018-12-24 13:50:04.963772+00:00,-0.02
2018-12-24 13:50:04.968344+00:00,-0.03
2018-12-24 13:50:05.131297+00:00,-0.04
2018-12-24 13:50:05.131347+00:00,-0.03
2018-12-24 13:50:05.590319+00:00,-0.03
2018-12-24 13:50:10.767422+00:00,-0.03
2018-12-24 13:50:10.768661+00:00,-0.03
2018-12-24 13:50:10.851323+00:00,-0.03
2018-12-24 13:50:11.175457+00:00,-0.03
2018-12-24 13:50:11.179734+00:00,-0.03
2018-12-24 13:50:11.210340+00:00,-0.03
2018-12-24 13:50:49.228620+00:00,-0.03
2018-12-24 13:50:49.229826+00:00,-0.03
2018-12-24 13:50:49.238563+00:00,-0.03
2018-12-24 13:50:49.291043+00:00,-0.04
2018-12-24 13:50:49.301977+00:00,-0.03
2018-12-24 13:50:56.310123+00:00,109
2018-12-24 13:50:56.311374+00:00,-0.05
2018-12-24 13:50:56.328816+00:00,-0.04
2018-12-24 13:50:56.342883+00:00,-0.05
2018-12-24 13:50:56.727989+00:00,-0.03
2018-12-24 13:50:56.760539+00:00,-0.03
2018-12-24 13:50:56.814123+00:00,-0.03
2018-12-24 13:50:56.815237+00:00,-0.03
2018-12-24 13:50:57.360868+00:00,-0.03
2018-12-24 13:50:57.410898+00:00,-0.03
2018-12-24 13:50:57.415325+00:00,-0.03
2018-12-24 13:50:57.437738+00:00,-0.03
2018-12-24 13:50:57.478081+00:00,-0.03
2018-12-24 13:50:57.478111+00:00,-0.05
2018-12-24 13:50:57.479283+00:00,-0.04
2018-12-24 13:50:57.557944+00:00,-0.03
2018-12-24 13:50:57.559334+00:00,-0.03
2018-12-24 13:50:57.564164+00:00,-0.03
2018-12-24 13:50:57.583611+00:00,-0.03
2018-12-24 13:50:57.583632+00:00,-0.04
2018-12-24 13:50:57.606116+00:00,-0.03
2018-12-24 13:50:59.502105+00:00,-0.02
2018-12-24 13:51:00.685979+00:00,-0.03
2018-12-24 13:51:00.856008+00:00,-0.03
2018-12-24 13:51:00.857282+00:00,-0.03
2018-12-24 13:51:00.861819+00:00,-0.03
2018-12-24 13:51:00.866759+00:00,-0.03
2018-12-24 13:51:00.895816+00:00,-0.03
2018-12-24 13:51:00.915876+00:00,-0.03
2018-12-24 13:51:01.127147+00:00,-0.03
2018-12-24 13:51:01.127242+00:00,109.01
2018-12-24 13:51:01.128439+00:00,-0.04
2018-12-24 13:51:01.128543+00:00,-0.04
2018-12-24 13:51:01.131905+00:00,-0.03
2018-12-24 13:51:01.139762+00:00,-0.03
2018-12-24 13:51:01.144740+00:00,-0.03
2018-12-24 13:51:01.150877+00:00,-0.04
2018-12-24 13:51:01.167878+00:00,-0.03
2018-12-24 13:51:01.205433+00:00,-0.02
2018-12-24 13:51:01.501817+00:00,-0.03
2018-12-24 13:51:01.527119+00:00,-0.02
2018-12-24 13:51:01.540304+00:00,-0.03
2018-12-24 13:51:01.575101+00:00,-0.02
2018-12-24 13:51:01.580447+00:00,-0.03
2018-12-24 13:51:01.758515+00:00,-0.02
2018-12-24 13:51:01.815298+00:00,-0.03
2018-12-24 13:51:01.840951+00:00,-0.02
2018-12-24 13:51:02.025779+00:00,-0.03
2018-12-24 13:51:02.047524+00:00,-0.02
2018-12-24 13:51:02.100852+00:00,-0.03
2018-12-24 13:51:02.134217+00:00,-0.02
2018-12-24 13:51:02.240225+00:00,-0.03
2018-12-24 13:51:02.261437+00:00,-0.02
2018-12-24 13:51:06.600458+00:00,-0.03
2018-12-24 13:51:07.164987+00:00,-0.03
2018-12-24 13:51:07.164989+00:00,109.02
2018-12-24 13:51:07.166344+00:00,-0.05
2018-12-24 13:51:07.664218+00:00,-0.03
2018-12-24 13:51:07.697652+00:00,-0.03
2018-12-24 13:51:07.705800+00:00,-0.04
2018-12-24 13:51:07.707005+00:00,-0.04
2018-12-24 13:51:07.760875+00:00,-0.03
2018-12-24 13:51:07.764722+00:00,-0.04
2018-12-24 13:51:07.766114+00:00,-0.03
2018-12-24 13:51:07.801365+00:00,-0.03
2018-12-24 13:51:07.831153+00:00,-0.04
2018-12-24 13:51:07.851903+00:00,-0.03
2018-12-24 13:51:07.885997+00:00,-0.04
2018-12-24 13:51:07.901718+00:00,-0.03
2018-12-24 13:51:07.909813+00:00,-0.02
2018-12-24 13:51:07.970905+00:00,-0.03
2018-12-24 13:51:07.975956+00:00,-0.02
2018-12-24 13:51:08.502770+00:00,-0.03
2018-12-24 13:51:12.406477+00:00,-0.02
2018-12-24 13:51:13.716375+00:00,-0.02
2018-12-24 13:51:13.721767+00:00,-0.03
2018-12-24 13:51:13.852640+00:00,-0.03
2018-12-24 13:51:13.852767+00:00,-0.04
2018-12-24 13:51:13.865997+00:00,-0.03
2018-12-24 13:51:13.872368+00:00,-0.03
2018-12-24 13:51:13.919072+00:00,-0.03
2018-12-24 13:51:14.611644+00:00,-0.04
2018-12-24 13:51:15.414776+00:00,-0.03
2018-12-24 13:51:17.452652+00:00,-0.02
2018-12-24 13:51:17.495892+00:00,-0.03
2018-12-24 13:51:17.573441+00:00,-0.04
2018-12-24 13:51:18.143488+00:00,-0.03
2018-12-24 13:51:18.220834+00:00,-0.04
2018-12-24 13:51:20.560719+00:00,-0.03
2018-12-24 13:51:20.816425+00:00,-0.04
2018-12-24 13:51:20.880205+00:00,-0.03
2018-12-24 13:51:23.847371+00:00,-0.03
2018-12-24 13:51:23.916171+00:00,-0.03
2018-12-24 13:51:23.916249+00:00,-0.04
2018-12-24 13:51:23.943182+00:00,-0.03
2018-12-24 13:51:23.948412+00:00,-0.03
2018-12-24 13:51:23.975174+00:00,-0.03
2018-12-24 13:51:23.975242+00:00,-0.04
2018-12-24 13:51:23.976307+00:00,-0.03
2018-12-24 13:51:23.979775+00:00,-0.03
2018-12-24 13:51:24.028435+00:00,-0.03
2018-12-24 13:51:24.039002+00:00,-0.03
2018-12-24 13:51:24.070693+00:00,-0.03
2018-12-24 13:51:24.070769+00:00,-0.04
2018-12-24 13:51:24.086457+00:00,-0.03
2018-12-24 13:51:24.094256+00:00,-0.03
2018-12-24 13:51:24.241756+00:00,-0.03
2018-12-24 13:51:24.719522+00:00,-0.03
2018-12-24 13:51:25.630970+00:00,-0.03
2018-12-24 13:51:25.690818+00:00,-0.04
2018-12-24 13:51:25.715198+00:00,-0.03
2018-12-24 13:51:26.262603+00:00,-0.03
2018-12-24 13:51:27.181309+00:00,-0.03
2018-12-24 13:51:39.611417+00:00,-0.03
2018-12-24 13:51:40.059734+00:00,-0.03
2018-12-24 13:51:41.123578+00:00,-0.02
2018-12-24 13:51:41.235916+00:00,-0.03
2018-12-24 13:51:41.835300+00:00,-0.02
2018-12-24 13:51:42.950268+00:00,-0.03
2018-12-24 13:52:00.429541+00:00,-0.02
2018-12-24 13:52:00.454013+00:00,-0.03
2018-12-24 13:52:00.500360+00:00,-0.04
2018-12-24 13:52:00.504109+00:00,-0.03
2018-12-24 13:52:00.508103+00:00,-0.04
2018-12-24 13:52:00.536806+00:00,-0.03
2018-12-24 13:52:00.565270+00:00,-0.02
2018-12-24 13:52:00.588229+00:00,-0.02
2018-12-24 13:52:00.595757+00:00,-0.02
2018-12-24 13:52:00.597584+00:00,-0.03
2018-12-24 13:52:00.597604+00:00,-0.03
2018-12-24 13:52:04.516995+00:00,-0.03
2018-12-24 13:52:04.537435+00:00,-0.03
2018-12-24 13:52:06.495414+00:00,-0.03
2018-12-24 13:52:06.495505+00:00,-0.04
2018-12-24 13:52:06.526526+00:00,-0.03
2018-12-24 13:52:06.561906+00:00,-0.04
2018-12-24 13:52:06.581429+00:00,-0.03
2018-12-24 13:52:06.591207+00:00,-0.03
2018-12-24 13:52:06.602415+00:00,-0.03
2018-12-24 13:52:06.626017+00:00,-0.03
2018-12-24 13:52:06.904288+00:00,-0.03
2018-12-24 13:52:07.166420+00:00,-0.04
2018-12-24 13:52:07.171405+00:00,-0.03
2018-12-24 13:52:07.197830+00:00,-0.03
2018-12-24 13:52:07.221994+00:00,-0.03
2018-12-24 13:52:08.356466+00:00,-0.03
2018-12-24 13:52:08.450239+00:00,-0.02
2018-12-24 13:52:08.451296+00:00,-0.03
2018-12-24 13:52:08.471114+00:00,-0.02
2018-12-24 13:52:08.565912+00:00,-0.03
2018-12-24 13:52:08.590846+00:00,-0.02
2018-12-24 13:52:08.595788+00:00,-0.03
2018-12-24 13:52:17.830549+00:00,-0.02
2018-12-24 13:52:17.880212+00:00,-0.03
2018-12-24 13:52:18.015248+00:00,-0.02
2018-12-24 13:52:18.075296+00:00,-0.03
2018-12-24 13:52:25.544474+00:00,-0.02
2018-12-24 13:52:25.601320+00:00,-0.03
2018-12-24 13:52:25.610349+00:00,-0.02
2018-12-24 13:52:25.621279+00:00,-0.02
2018-12-24 13:52:25.621372+00:00,-0.02
2018-12-24 13:52:25.632901+00:00,109.04
2018-12-24 13:52:25.632998+00:00,-0.03
2018-12-24 13:52:25.634129+00:00,-0.03
2018-12-24 13:52:25.675781+00:00,-0.02
2018-12-24 13:52:25.682043+00:00,-0.03
2018-12-24 13:52:25.696463+00:00,-0.02
2018-12-24 13:52:25.730810+00:00,-0.02
2018-12-24 13:52:25.742821+00:00,-0.03
2018-12-24 13:52:25.798585+00:00,-0.04
2018-12-24 13:52:25.803833+00:00,-0.03
2018-12-24 13:52:25.810872+00:00,-0.04
2018-12-24 13:52:25.976812+00:00,-0.03
2018-12-24 13:52:27.601309+00:00,-0.03
2018-12-24 13:52:27.601361+00:00,-0.03
2018-12-24 13:52:27.630128+00:00,-0.03
2018-12-24 13:52:28.225744+00:00,-0.02
2018-12-24 13:52:28.235969+00:00,-0.02
2018-12-24 13:52:28.236012+00:00,109.05
2018-12-24 13:52:28.237075+00:00,-0.04
2018-12-24 13:52:28.237399+00:00,-0.04
2018-12-24 13:52:28.289632+00:00,-0.05
2018-12-24 13:52:28.298600+00:00,-0.04
2018-12-24 13:52:28.439465+00:00,-0.03
2018-12-24 13:52:28.465815+00:00,-0.03
2018-12-24 13:52:28.471005+00:00,-0.04
2018-12-24 13:52:28.471281+00:00,-0.03
2018-12-24 13:52:28.472098+00:00,-0.03
2018-12-24 13:52:28.580771+00:00,-0.03
2018-12-24 13:52:28.580852+00:00,-0.03
2018-12-24 13:52:28.581925+00:00,-0.04
2018-12-24 13:52:28.600819+00:00,-0.03
2018-12-24 13:52:29.457785+00:00,-0.02
2018-12-24 13:52:29.485339+00:00,-0.02
2018-12-24 13:52:29.486316+00:00,-0.03
2018-12-24 13:52:29.505355+00:00,-0.02
2018-12-24 13:52:29.509786+00:00,-0.03
2018-12-24 13:52:29.541436+00:00,-0.02
2018-12-24 13:52:29.546000+00:00,-0.03
2018-12-24 13:52:29.571032+00:00,-0.02
2018-12-24 13:52:29.800938+00:00,-0.03
2018-12-24 13:52:29.815813+00:00,-0.02
2018-12-24 13:52:29.955670+00:00,-0.03
2018-12-24 13:52:29.974958+00:00,-0.02
2018-12-24 13:52:30.063575+00:00,-0.03
2018-12-24 13:52:30.375708+00:00,-0.02
2018-12-24 13:52:30.426083+00:00,-0.02
2018-12-24 13:52:30.434533+00:00,-0.03
2018-12-24 13:52:30.656019+00:00,-0.03
2018-12-24 13:52:30.656063+00:00,109.06
2018-12-24 13:52:30.657116+00:00,-0.04
2018-12-24 13:52:30.667783+00:00,-0.03
2018-12-24 13:52:30.672520+00:00,-0.04
2018-12-24 13:52:30.676427+00:00,-0.03
2018-12-24 13:52:30.760882+00:00,-0.03
2018-12-24 13:52:30.775243+00:00,-0.02
2018-12-24 13:52:30.796939+00:00,-0.03
2018-12-24 13:52:31.055831+00:00,-0.04
2018-12-24 13:52:31.065257+00:00,-0.03
2018-12-24 13:52:31.082274+00:00,-0.04
2018-12-24 13:52:31.095369+00:00,-0.03
2018-12-24 13:52:31.165161+00:00,-0.04
2018-12-24 13:52:31.173898+00:00,-0.03
2018-12-24 13:52:31.295483+00:00,-0.04
2018-12-24 13:52:31.305741+00:00,-0.03
2018-12-24 13:52:31.374580+00:00,-0.04
2018-12-24 13:52:31.383996+00:00,-0.03
2018-12-24 13:52:33.861662+00:00,-0.03
2018-12-24 13:52:33.880214+00:00,-0.03
2018-12-24 13:52:34.025276+00:00,-0.02
2018-12-24 13:52:34.075221+00:00,-0.03
2018-12-24 13:52:34.080621+00:00,-0.03
2018-12-24 13:52:34.097546+00:00,-0.03
2018-12-24 13:52:34.360787+00:00,-0.03
2018-12-24 13:52:34.372219+00:00,-0.03
2018-12-24 13:52:34.375158+00:00,-0.03
2018-12-24 13:52:34.381019+00:00,-0.03
2018-12-24 13:52:34.410372+00:00,-0.02
2018-12-24 13:52:34.445234+00:00,-0.03
2018-12-24 13:52:34.445955+00:00,-0.03
2018-12-24 13:52:34.445996+00:00,109.07
2018-12-24 13:52:34.446953+00:00,-0.04
2018-12-24 13:52:34.447092+00:00,-0.04
2018-12-24 13:52:34.554318+00:00,-0.03
2018-12-24 13:52:35.420230+00:00,-0.02
2018-12-24 13:52:35.444796+00:00,-0.03
2018-12-24 13:52:35.447138+00:00,-0.02
2018-12-24 13:52:35.465236+00:00,-0.03
2018-12-24 13:52:35.495845+00:00,-0.02
2018-12-24 13:52:35.550719+00:00,-0.03
2018-12-24 13:52:36.474646+00:00,-0.03
2018-12-24 13:52:36.477837+00:00,109.07
2018-12-24 13:52:36.477895+00:00,-0.04
2018-12-24 13:52:36.478839+00:00,-0.04
2018-12-24 13:52:36.481290+00:00,-0.03
2018-12-24 13:52:36.486183+00:00,-0.03
2018-12-24 13:52:38.002036+00:00,-0.03
2018-12-24 13:52:38.002043+00:00,-0.04
2018-12-24 13:52:38.007927+00:00,-0.03
2018-12-24 13:52:38.380917+00:00,-0.02
2018-12-24 13:52:38.390929+00:00,-0.03
2018-12-24 13:52:38.410811+00:00,-0.02
2018-12-24 13:52:38.965273+00:00,-0.03
2018-12-24 13:52:39.190610+00:00,-0.02
2018-12-24 13:52:39.447211+00:00,-0.02
2018-12-24 13:52:39.447257+00:00,-0.02
2018-12-24 13:52:39.547005+00:00,109.09
2018-12-24 13:52:39.547030+00:00,-0.04
2018-12-24 13:52:39.548120+00:00,-0.04
2018-12-24 13:52:39.745185+00:00,-0.05
2018-12-24 13:52:42.146367+00:00,-0.04
2018-12-24 13:52:42.285043+00:00,-0.05
2018-12-24 13:52:43.033244+00:00,-0.03
2018-12-24 13:52:44.660244+00:00,-0.02
2018-12-24 13:52:44.740295+00:00,-0.03
2018-12-24 13:52:47.645875+00:00,-0.03
2018-12-24 13:52:47.666828+00:00,-0.03
2018-12-24 13:52:47.845851+00:00,-0.03
2018-12-24 13:52:47.867552+00:00,-0.03
2018-12-24 13:52:47.940695+00:00,-0.03
2018-12-24 13:52:47.940816+00:00,109.08
2018-12-24 13:52:47.941796+00:00,-0.04
2018-12-24 13:52:47.941972+00:00,-0.04
2018-12-24 13:52:48.079524+00:00,-0.03
2018-12-24 13:52:48.625883+00:00,-0.03
2018-12-24 13:52:48.636037+00:00,-0.03
2018-12-24 13:52:49.315295+00:00,-0.02
2018-12-24 13:52:49.750878+00:00,-0.02
2018-12-24 13:52:49.789837+00:00,-0.03
2018-12-24 13:52:51.297001+00:00,-0.02
2018-12-24 13:52:51.345298+00:00,-0.02
2018-12-24 13:52:51.351501+00:00,-0.02
2018-12-24 13:52:51.355942+00:00,-109.1
2018-12-24 13:52:51.356992+00:00,-0.03
2018-12-24 13:52:51.406694+00:00,-0.03
2018-12-24 13:52:52.145146+00:00,-0.03
2018-12-24 13:52:52.146112+00:00,-0.04
2018-12-24 13:52:52.146190+00:00,-0.03
2018-12-24 13:52:52.147237+00:00,-0.03
2018-12-24 13:52:55.674546+00:00,-0.03
2018-12-24 13:52:55.674574+00:00,-0.03
2018-12-24 13:52:55.689685+00:00,-0.03
2018-12-24 13:52:59.586455+00:00,-0.02
2018-12-24 13:52:59.598123+00:00,-0.02
2018-12-24 13:52:59.598176+00:00,-0.03
2018-12-24 13:52:59.615809+00:00,-0.02
2018-12-24 13:52:59.665335+00:00,-0.02
2018-12-24 13:52:59.671124+00:00,-0.03
2018-12-24 13:53:12.059847+00:00,-0.02
2018-12-24 13:53:12.348175+00:00,-0.02
2018-12-24 13:53:12.446923+00:00,-0.02
2018-12-24 13:53:12.470178+00:00,-0.03
2018-12-24 13:53:12.961919+00:00,-0.03
2018-12-24 13:53:12.961921+00:00,109.08
2018-12-24 13:53:12.963063+00:00,-0.04
2018-12-24 13:53:12.979158+00:00,-0.03
2018-12-24 13:53:13.002348+00:00,-0.02
2018-12-24 13:53:13.210249+00:00,-0.03
2018-12-24 13:53:18.139451+00:00,-0.02
2018-12-24 13:53:18.215190+00:00,-0.03
2018-12-24 13:53:18.220609+00:00,-0.02
2018-12-24 13:53:18.230764+00:00,-0.02
2018-12-24 13:53:18.548339+00:00,-0.03
2018-12-24 13:53:19.226902+00:00,-0.02
2018-12-24 13:53:20.850196+00:00,-0.03
2018-12-24 13:53:22.530567+00:00,-0.02
2018-12-24 13:53:22.531192+00:00,-0.03
2018-12-24 13:53:22.551644+00:00,-0.02
2018-12-24 13:53:22.602956+00:00,-0.03
2018-12-24 13:53:22.640281+00:00,-0.02
2018-12-24 13:53:25.210250+00:00,-0.03
2018-12-24 13:53:26.259604+00:00,-0.02
2018-12-24 13:53:26.976867+00:00,-0.03
2018-12-24 13:53:27.566001+00:00,-0.02
2018-12-24 13:53:28.018100+00:00,-0.03
2018-12-24 13:53:28.274054+00:00,-0.02
2018-12-24 13:53:28.990721+00:00,-0.03
2018-12-24 13:53:34.083325+00:00,-0.02
2018-12-24 13:53:34.099931+00:00,-0.03
2018-12-24 13:53:34.164127+00:00,-0.02
2018-12-24 13:53:34.210270+00:00,-0.02
2018-12-24 13:53:34.230743+00:00,-0.02
2018-12-24 13:53:34.340325+00:00,-0.02
2018-12-24 13:53:34.400880+00:00,-0.03
2018-12-24 13:53:34.522583+00:00,-0.02
2018-12-24 13:53:34.565286+00:00,-0.03
2018-12-24 13:53:34.571309+00:00,-0.04
2018-12-24 13:53:34.604764+00:00,-0.03
2018-12-24 13:53:34.636042+00:00,-0.04
2018-12-24 13:53:34.640212+00:00,-0.03
2018-12-24 13:53:51.055780+00:00,-0.02
2018-12-24 13:53:51.074997+00:00,-0.03
2018-12-24 13:53:51.076194+00:00,-0.02
2018-12-24 13:53:51.140262+00:00,-109.1
2018-12-24 13:53:51.141300+00:00,-0.03
2018-12-24 13:53:51.173022+00:00,-0.02
2018-12-24 13:53:51.185963+00:00,-0.03
2018-12-24 13:53:51.252036+00:00,-0.04
2018-12-24 13:53:51.253044+00:00,-0.03
2018-12-24 13:53:55.456096+00:00,-0.04
2018-12-24 13:53:55.476504+00:00,-0.03
2018-12-24 13:53:55.520768+00:00,-0.04
2018-12-24 13:53:55.538394+00:00,-0.03
2018-12-24 13:53:55.581126+00:00,-0.04
2018-12-24 13:53:55.617900+00:00,109.07
2018-12-24 13:53:55.619004+00:00,-0.05
2018-12-24 13:53:55.771678+00:00,-0.04
2018-12-24 13:54:03.906522+00:00,-0.03
2018-12-24 13:54:04.333050+00:00,-0.04
2018-12-24 13:54:21.123240+00:00,-0.03
2018-12-24 13:54:21.123486+00:00,-0.03
2018-12-24 13:54:29.190892+00:00,-0.03
2018-12-24 13:54:29.191970+00:00,-0.04
2018-12-24 13:54:31.493457+00:00,-0.03
2018-12-24 13:54:31.958276+00:00,109.08
2018-12-24 13:54:31.959575+00:00,-0.03
2018-12-24 13:54:31.972182+00:00,109.08
2018-12-24 13:54:31.972196+00:00,-0.04
2018-12-24 13:54:31.973461+00:00,-0.03
2018-12-24 13:54:32.080432+00:00,-0.02
2018-12-24 13:54:32.140263+00:00,-0.02
2018-12-24 13:54:32.153336+00:00,-0.03
2018-12-24 13:54:32.154437+00:00,-0.03
2018-12-24 13:54:32.238621+00:00,-0.02
2018-12-24 13:54:32.249605+00:00,-0.03
2018-12-24 13:54:32.283998+00:00,-0.02
2018-12-24 13:54:32.395816+00:00,-0.03
2018-12-24 13:54:32.561236+00:00,-0.02
2018-12-24 13:54:32.700374+00:00,-0.02
2018-12-24 13:54:32.716042+00:00,-0.03
2018-12-24 13:54:32.743707+00:00,-0.02
2018-12-24 13:54:32.780699+00:00,-0.03
2018-12-24 13:54:32.810942+00:00,-0.02
2018-12-24 13:54:32.815040+00:00,-0.03
2018-12-24 13:54:32.815041+00:00,-0.03
2018-12-24 13:54:32.815042+00:00,109.09
2018-12-24 13:54:32.816141+00:00,-0.03
2018-12-24 13:54:32.816328+00:00,-0.03
2018-12-24 13:54:33.260699+00:00,-0.03
2018-12-24 13:54:33.280190+00:00,-0.03
2018-12-24 13:54:33.420205+00:00,-0.03
2018-12-24 13:54:33.440290+00:00,-0.03
2018-12-24 13:54:38.439713+00:00,-0.03
2018-12-24 13:54:38.439811+00:00,109.09
2018-12-24 13:54:38.440852+00:00,-0.04
2018-12-24 13:54:38.440898+00:00,-0.04
2018-12-24 13:54:38.612267+00:00,-0.03
2018-12-24 13:54:39.185297+00:00,-0.02
2018-12-24 13:54:39.197431+00:00,-0.03
2018-12-24 13:54:39.227871+00:00,-0.02
2018-12-24 13:54:39.270835+00:00,-0.03
2018-12-24 13:54:39.275229+00:00,-0.03
2018-12-24 13:54:39.355918+00:00,-0.03
2018-12-24 13:54:39.360765+00:00,-0.03
2018-12-24 13:54:39.369352+00:00,-0.04
2018-12-24 13:54:39.392165+00:00,-0.03
2018-12-24 13:54:39.431881+00:00,-0.04
2018-12-24 13:54:39.455207+00:00,-0.03
2018-12-24 13:54:42.722417+00:00,-0.02
2018-12-24 13:54:42.785882+00:00,109.1
2018-12-24 13:54:42.786923+00:00,-0.03
2018-12-24 13:54:43.236297+00:00,-0.02
2018-12-24 13:54:43.263454+00:00,-0.03
2018-12-24 13:54:43.270309+00:00,-0.03
2018-12-24 13:54:43.271285+00:00,-0.04
2018-12-24 13:54:43.342764+00:00,-0.03
2018-12-24 13:54:45.880076+00:00,-0.03
2018-12-24 13:54:45.880081+00:00,-0.02
2018-12-24 13:54:45.951060+00:00,109.11
2018-12-24 13:54:45.951105+00:00,-0.03
2018-12-24 13:54:45.952125+00:00,-0.03
2018-12-24 13:54:46.033849+00:00,-0.04
2018-12-24 13:54:46.534171+00:00,-0.03
2018-12-24 13:54:47.526851+00:00,-0.02
2018-12-24 13:54:48.815415+00:00,-0.03
2018-12-24 13:54:49.068519+00:00,-0.02
2018-12-24 13:54:49.442737+00:00,-0.03
2018-12-24 13:54:49.609090+00:00,-0.03
2018-12-24 13:54:50.086524+00:00,-0.03
2018-12-24 13:54:50.134681+00:00,-0.02
2018-12-24 13:54:50.161346+00:00,-0.03
2018-12-24 13:54:50.187520+00:00,-0.04
2018-12-24 13:54:50.242540+00:00,-0.03
2018-12-24 13:54:50.247568+00:00,-0.04
2018-12-24 13:54:50.329025+00:00,-0.03
2018-12-24 13:54:50.348542+00:00,-0.04
2018-12-24 13:54:50.415399+00:00,-0.03
2018-12-24 13:54:50.434015+00:00,-0.04
2018-12-24 13:54:50.473328+00:00,-0.03
2018-12-24 13:54:50.525588+00:00,-0.04
2018-12-24 13:54:50.557239+00:00,-0.03
2018-12-24 13:54:50.661588+00:00,-0.02
2018-12-24 13:54:50.849476+00:00,-0.03
2018-12-24 13:54:50.853150+00:00,-0.02
2018-12-24 13:54:50.946029+00:00,-0.03
2018-12-24 13:54:53.944555+00:00,-0.02
2018-12-24 13:54:54.245775+00:00,-0.03
2018-12-24 13:54:54.246016+00:00,-0.03
2018-12-24 13:54:54.453833+00:00,-0.03
2018-12-24 13:54:54.480134+00:00,-0.03
2018-12-24 13:54:54.528198+00:00,-0.03
2018-12-24 13:54:54.547274+00:00,-0.03
2018-12-24 13:54:57.510311+00:00,-0.02
2018-12-24 13:54:57.515350+00:00,-0.03
2018-12-24 13:54:57.533125+00:00,-0.02
2018-12-24 13:54:57.548573+00:00,-0.02
2018-12-24 13:54:57.554916+00:00,-0.02
2018-12-24 13:54:57.609029+00:00,-109.12
2018-12-24 13:54:57.609072+00:00,-109.12
2018-12-24 13:54:57.610035+00:00,-0.03
2018-12-24 13:54:57.717027+00:00,-0.03
2018-12-24 13:54:57.761047+00:00,-0.03
2018-12-24 13:54:57.768415+00:00,-0.03
2018-12-24 13:54:58.065296+00:00,-0.03
2018-12-24 13:54:58.071805+00:00,-0.03
2018-12-24 13:54:58.097828+00:00,-0.03
2018-12-24 13:54:58.167612+00:00,-0.03
2018-12-24 13:54:58.167940+00:00,-0.02
2018-12-24 13:54:58.347784+00:00,-0.03
2018-12-24 13:54:58.363992+00:00,-0.03
2018-12-24 13:55:00.212863+00:00,-0.02
2018-12-24 13:55:00.217593+00:00,-0.03
2018-12-24 13:55:00.276469+00:00,-0.03
2018-12-24 13:55:00.384888+00:00,-0.03
2018-12-24 13:55:00.397909+00:00,-0.03
2018-12-24 13:55:00.409876+00:00,-0.03
2018-12-24 13:55:00.482938+00:00,-0.03
2018-12-24 13:55:00.530212+00:00,-0.03
2018-12-24 13:55:00.608387+00:00,-0.03
2018-12-24 13:55:00.631117+00:00,-0.03
2018-12-24 13:55:00.708347+00:00,-0.03
2018-12-24 13:55:00.730167+00:00,-0.03
2018-12-24 13:55:00.756728+00:00,-0.03
2018-12-24 13:55:00.772639+00:00,-0.03
2018-12-24 13:55:00.864463+00:00,-0.03
2018-12-24 13:55:00.886672+00:00,-0.03
2018-12-24 13:55:00.986579+00:00,-0.03
2018-12-24 13:55:00.987599+00:00,-0.03
2018-12-24 13:55:01.088976+00:00,-0.03
2018-12-24 13:55:01.093836+00:00,-0.02
2018-12-24 13:55:01.097039+00:00,-0.02
2018-12-24 13:55:01.126299+00:00,-0.03
2018-12-24 13:55:01.186174+00:00,-0.03
2018-12-24 13:55:01.186262+00:00,-0.04
2018-12-24 13:55:01.212128+00:00,-0.03
2018-12-24 13:55:01.283310+00:00,-0.04
2018-12-24 13:55:01.290708+00:00,-0.03
2018-12-24 13:55:01.322118+00:00,-0.02
2018-12-24 13:55:01.358677+00:00,-0.03
2018-12-24 13:55:01.360097+00:00,-0.04
2018-12-24 13:55:01.376671+00:00,-0.03
2018-12-24 13:55:01.413612+00:00,-0.03
2018-12-24 13:55:01.426801+00:00,-0.03
2018-12-24 13:55:01.465942+00:00,-0.03
2018-12-24 13:55:01.466284+00:00,-0.03
2018-12-24 13:55:01.529696+00:00,-0.02
2018-12-24 13:55:06.000786+00:00,-0.02
2018-12-24 13:55:06.006485+00:00,-0.03
2018-12-24 13:55:06.428439+00:00,-109.12
2018-12-24 13:55:06.429670+00:00,-0.04
2018-12-24 13:55:06.463696+00:00,-0.03
2018-12-24 13:55:06.475211+00:00,-0.03
2018-12-24 13:55:06.485083+00:00,-0.03
2018-12-24 13:55:06.493943+00:00,-0.03
2018-12-24 13:55:06.511505+00:00,-0.03
2018-12-24 13:55:07.196070+00:00,-0.03
2018-12-24 13:55:07.202433+00:00,-0.03
2018-12-24 13:55:10.460097+00:00,-0.03
2018-12-24 13:55:10.471092+00:00,-0.03
2018-12-24 13:55:15.401361+00:00,-0.02
2018-12-24 13:55:15.452999+00:00,-0.02
2018-12-24 13:55:15.460281+00:00,-0.02
2018-12-24 13:55:15.461325+00:00,-0.02
2018-12-24 13:55:15.466311+00:00,-0.02
2018-12-24 13:55:15.512913+00:00,-0.03
2018-12-24 13:55:15.526707+00:00,-0.03
2018-12-24 13:55:15.526766+00:00,-0.04
2018-12-24 13:55:15.546786+00:00,-0.03
2018-12-24 13:55:15.591110+00:00,-0.04
2018-12-24 13:55:15.665902+00:00,-0.03
2018-12-24 13:55:16.346021+00:00,-0.04
2018-12-24 13:55:16.356611+00:00,-0.03
2018-12-24 13:55:16.814175+00:00,-0.04
2018-12-24 13:55:16.824189+00:00,-0.03
2018-12-24 13:55:16.867843+00:00,-0.02
2018-12-24 13:55:17.060338+00:00,-0.03
2018-12-24 13:55:21.659210+00:00,-0.02
2018-12-24 13:55:21.686065+00:00,-0.03
2018-12-24 13:55:21.739486+00:00,-0.04
2018-12-24 13:55:21.767179+00:00,-0.03
2018-12-24 13:55:21.770034+00:00,-0.04
2018-12-24 13:55:21.782542+00:00,-0.03
2018-12-24 13:55:21.801197+00:00,-0.04
2018-12-24 13:55:21.815506+00:00,-0.03
2018-12-24 13:55:26.121160+00:00,-0.03
2018-12-24 13:55:26.123487+00:00,-0.03
2018-12-24 13:55:39.370421+00:00,-0.04
2018-12-24 13:55:39.371377+00:00,-0.03
2018-12-24 13:55:39.375638+00:00,-0.04
2018-12-24 13:55:39.471614+00:00,-0.03
2018-12-24 13:55:49.618071+00:00,-0.02
2018-12-24 13:55:49.820021+00:00,-0.03
2018-12-24 13:55:50.573834+00:00,-0.03
2018-12-24 13:55:50.605836+00:00,-0.03
2018-12-24 13:55:53.127463+00:00,-0.02
2018-12-24 13:55:53.190390+00:00,-0.02
2018-12-24 13:55:53.216927+00:00,-0.02
2018-12-24 13:55:53.232182+00:00,-0.02
2018-12-24 13:55:53.245136+00:00,-0.02
2018-12-24 13:55:55.349509+00:00,-0.03
2018-12-24 13:55:55.355523+00:00,-0.02
2018-12-24 13:55:57.010262+00:00,-0.03
2018-12-24 13:55:57.026099+00:00,-0.03
2018-12-24 13:55:57.046733+00:00,-0.03
2018-12-24 13:55:57.890007+00:00,-0.02
2018-12-24 13:55:57.890760+00:00,-0.02
2018-12-24 13:55:57.941123+00:00,-0.03
2018-12-24 13:55:57.945800+00:00,-0.02
2018-12-24 13:55:57.946734+00:00,-109.11
2018-12-24 13:55:57.947788+00:00,-0.03
2018-12-24 13:55:57.950676+00:00,-0.04
2018-12-24 13:55:57.951668+00:00,-0.03
2018-12-24 13:55:57.960841+00:00,-0.04
2018-12-24 13:55:57.965775+00:00,-0.03
2018-12-24 13:55:58.104205+00:00,-0.02
2018-12-24 13:55:58.163482+00:00,-0.03
2018-12-24 13:56:01.579015+00:00,-0.04
2018-12-24 13:56:01.588472+00:00,-0.03
2018-12-24 13:56:04.684193+00:00,-0.02
2018-12-24 13:56:07.405815+00:00,-0.02
2018-12-24 13:56:07.413620+00:00,-0.03
2018-12-24 13:56:10.293045+00:00,-0.04
2018-12-24 13:56:10.293180+00:00,-0.03
2018-12-24 13:56:10.318582+00:00,-0.02
2018-12-24 13:56:10.635242+00:00,-0.02
2018-12-24 13:56:10.646361+00:00,-0.03
2018-12-24 13:56:10.648769+00:00,-0.02
2018-12-24 13:56:10.650708+00:00,-0.03
2018-12-24 13:56:11.093261+00:00,-0.04
2018-12-24 13:56:11.220662+00:00,-0.03
2018-12-24 13:56:24.063918+00:00,-0.04
2018-12-24 13:56:24.065348+00:00,-0.03
2018-12-24 13:56:24.066344+00:00,-0.02
2018-12-24 13:56:24.070812+00:00,-0.03
2018-12-24 13:56:24.084225+00:00,-109.11
2018-12-24 13:56:24.164719+00:00,-0.04
2018-12-24 13:56:24.517807+00:00,-0.03
2018-12-24 13:56:26.102328+00:00,-0.02
2018-12-24 13:56:26.105942+00:00,-109.09
2018-12-24 13:56:26.107272+00:00,-0.02
2018-12-24 13:56:26.110505+00:00,-0.03
2018-12-24 13:56:27.483441+00:00,-0.02
2018-12-24 13:56:27.486682+00:00,-0.02
2018-12-24 13:56:27.503524+00:00,-0.02
2018-12-24 13:56:27.506930+00:00,-0.02
2018-12-24 13:56:27.620271+00:00,-109.09
2018-12-24 13:56:27.621397+00:00,-0.03
2018-12-24 13:56:27.858932+00:00,-0.03
2018-12-24 13:56:27.858936+00:00,-0.04
2018-12-24 13:56:29.218015+00:00,-0.03
2018-12-24 13:56:29.232626+00:00,-0.04
2018-12-24 13:56:29.279254+00:00,-0.03
2018-12-24 13:56:35.165190+00:00,-0.03
2018-12-24 13:56:35.170383+00:00,-0.02
2018-12-24 13:56:35.190431+00:00,-0.03
2018-12-24 13:56:35.262008+00:00,-0.04
2018-12-24 13:56:35.291629+00:00,-0.03
2018-12-24 13:56:35.315330+00:00,-0.04
2018-12-24 13:56:35.426429+00:00,-0.03
2018-12-24 13:56:37.318929+00:00,-0.04
2018-12-24 13:56:37.505273+00:00,-0.03
2018-12-24 13:56:38.084935+00:00,-0.02
2018-12-24 13:56:38.505440+00:00,-0.03
2018-12-24 13:56:38.967818+00:00,-0.04
2018-12-24 13:56:39.063049+00:00,-0.03
2018-12-24 13:56:39.108360+00:00,-0.04
2018-12-24 13:56:39.572115+00:00,-0.03
2018-12-24 13:56:40.298266+00:00,-0.03
2018-12-24 13:56:40.334575+00:00,-0.03
2018-12-24 13:56:40.370317+00:00,-0.03
2018-12-24 13:56:40.640270+00:00,-0.03
2018-12-24 13:56:40.758063+00:00,-0.04
2018-12-24 13:56:40.760859+00:00,-0.03
2018-12-24 13:56:40.845308+00:00,-0.02
2018-12-24 13:56:40.854238+00:00,-0.03
2018-12-24 13:56:40.873272+00:00,-0.02
2018-12-24 13:56:40.890244+00:00,-0.03
2018-12-24 13:56:41.018831+00:00,-0.04
2018-12-24 13:56:41.026031+00:00,-0.03
2018-12-24 13:56:41.385357+00:00,-0.04
2018-12-24 13:56:41.460441+00:00,-0.03
2018-12-24 13:56:41.491881+00:00,-0.04
2018-12-24 13:56:41.868657+00:00,-0.03
2018-12-24 13:56:42.141770+00:00,-0.03
2018-12-24 13:56:42.148931+00:00,-0.03
2018-12-24 13:56:42.150751+00:00,-0.03
2018-12-24 13:56:42.154007+00:00,-0.03
2018-12-24 13:56:42.205659+00:00,-0.03
2018-12-24 13:56:42.298389+00:00,-0.03
2018-12-24 13:56:42.325078+00:00,-0.04
2018-12-24 13:56:42.415287+00:00,-0.03
2018-12-24 13:56:42.435236+00:00,-0.04
2018-12-24 13:56:42.444395+00:00,-0.03
2018-12-24 13:56:42.918336+00:00,-0.02
2018-12-24 13:56:42.918357+00:00,-0.03
2018-12-24 13:56:42.941018+00:00,-0.04
2018-12-24 13:56:42.978423+00:00,-0.03
2018-12-24 13:56:43.101016+00:00,-0.04
2018-12-24 13:56:43.801526+00:00,-0.03
2018-12-24 13:56:43.824298+00:00,-0.04
2018-12-24 13:56:43.832375+00:00,-0.03
2018-12-24 13:56:43.885813+00:00,-0.03
2018-12-24 13:56:44.042598+00:00,-0.04
2018-12-24 13:56:44.085577+00:00,-0.03
2018-12-24 13:56:44.095791+00:00,-0.04
2018-12-24 13:56:44.137152+00:00,-0.03
2018-12-24 13:56:44.211907+00:00,-0.04
2018-12-24 13:56:44.224439+00:00,-0.03
2018-12-24 13:56:44.225286+00:00,-0.04
2018-12-24 13:56:44.226366+00:00,-0.03
2018-12-24 13:56:52.319757+00:00,-0.02
2018-12-24 13:56:52.384439+00:00,-0.03
2018-12-24 13:56:52.391595+00:00,-0.04
2018-12-24 13:56:52.405289+00:00,-0.03
2018-12-24 13:56:52.406288+00:00,-0.03
2018-12-24 13:57:02.605895+00:00,-0.02
2018-12-24 13:57:02.641525+00:00,-0.03
2018-12-24 13:57:19.302760+00:00,-0.03
2018-12-24 13:57:19.302813+00:00,-0.04
2018-12-24 13:57:19.332998+00:00,-0.03
2018-12-24 13:57:28.652171+00:00,-109.09
2018-12-24 13:57:28.653383+00:00,-0.04
2018-12-24 13:57:55.094769+00:00,-0.03
2018-12-24 13:57:55.094946+00:00,-0.04
2018-12-24 13:57:57.400056+00:00,-0.03
2018-12-24 13:58:02.301421+00:00,-0.04
2018-12-24 13:58:12.279242+00:00,-109.09
2018-12-24 13:58:12.280746+00:00,-0.05
2018-12-24 13:58:12.282379+00:00,-0.04
2018-12-24 13:58:14.589453+00:00,-0.03
2018-12-24 13:58:15.493530+00:00,-0.03
2018-12-24 13:58:15.496966+00:00,-0.04
2018-12-24 13:58:15.498049+00:00,-0.03
2018-12-24 13:58:15.502950+00:00,-0.03
2018-12-24 13:58:20.177284+00:00,-0.02
2018-12-24 13:58:20.178818+00:00,-0.03
2018-12-24 13:58:20.201126+00:00,-0.02
2018-12-24 13:58:22.685203+00:00,-0.02
2018-12-24 13:58:22.685274+00:00,-0.03
2018-12-24 13:58:23.935369+00:00,-0.02
2018-12-24 13:58:23.960771+00:00,109.08
2018-12-24 13:58:23.961720+00:00,-0.03
2018-12-24 13:58:23.991061+00:00,-0.02
2018-12-24 13:58:24.065844+00:00,-0.03
2018-12-24 13:58:24.087595+00:00,-0.02
2018-12-24 13:58:24.150971+00:00,-0.03
2018-12-24 13:58:24.176147+00:00,-0.02
2018-12-24 13:58:24.215702+00:00,-0.02
2018-12-24 13:58:24.249862+00:00,-0.02
2018-12-24 13:58:24.385377+00:00,-0.02
2018-12-24 13:58:24.424171+00:00,-0.02
2018-12-24 13:58:28.660796+00:00,-0.03
2018-12-24 13:58:29.268069+00:00,-0.02
2018-12-24 13:58:29.282115+00:00,-0.03
2018-12-24 13:58:29.335286+00:00,-0.02
2018-12-24 13:58:29.341045+00:00,-0.03
2018-12-24 13:58:29.356513+00:00,-0.02
2018-12-24 13:58:31.668554+00:00,-0.03
2018-12-24 13:58:31.672341+00:00,-0.02
2018-12-24 13:58:31.745147+00:00,-0.03
2018-12-24 13:58:31.815216+00:00,-0.02
2018-12-24 13:58:31.832019+00:00,-0.03
2018-12-24 13:58:31.842291+00:00,-0.02
2018-12-24 13:58:31.865242+00:00,-0.03
2018-12-24 13:58:31.936274+00:00,-0.02
2018-12-24 13:58:31.965749+00:00,-0.03
2018-12-24 13:58:32.093971+00:00,-0.03
2018-12-24 13:58:32.094026+00:00,-0.04
2018-12-24 13:58:32.105124+00:00,-0.03
2018-12-24 13:58:32.195832+00:00,-0.04
2018-12-24 13:58:32.219784+00:00,-0.03
2018-12-24 13:58:37.550208+00:00,-0.02
2018-12-24 13:58:38.559158+00:00,-0.03
2018-12-24 13:58:38.590251+00:00,-0.02
2018-12-24 13:58:38.721127+00:00,-0.03
2018-12-24 13:58:38.735847+00:00,-0.02
2018-12-24 13:58:45.440293+00:00,-0.03
2018-12-24 13:58:45.448465+00:00,-0.02
2018-12-24 13:58:46.775904+00:00,-0.03
2018-12-24 13:58:46.892796+00:00,-109.1
2018-12-24 13:58:46.893962+00:00,-0.04
2018-12-24 13:58:46.903386+00:00,-0.03
2018-12-24 13:58:47.825202+00:00,-0.04
2018-12-24 13:58:47.841783+00:00,-0.03
2018-12-24 13:58:47.879562+00:00,-0.04
2018-12-24 13:58:47.886682+00:00,-0.03
2018-12-24 13:58:47.955806+00:00,-0.04
2018-12-24 13:58:47.977058+00:00,-0.03
2018-12-24 13:58:48.271673+00:00,-0.04
2018-12-24 13:58:48.281635+00:00,-0.03
2018-12-24 13:58:48.795799+00:00,-0.04
2018-12-24 13:58:48.817840+00:00,-0.03
2018-12-24 13:58:51.202197+00:00,-0.02
2018-12-24 13:58:51.206211+00:00,-0.02
2018-12-24 13:58:51.222134+00:00,-0.02
2018-12-24 13:58:51.251104+00:00,-0.02
2018-12-24 13:58:51.252448+00:00,-0.03
2018-12-24 13:58:51.257826+00:00,-0.02
2018-12-24 13:58:51.260892+00:00,-0.03
2018-12-24 13:58:51.262964+00:00,-0.04
2018-12-24 13:58:51.265278+00:00,-0.03
2018-12-24 13:58:51.281151+00:00,-0.02
2018-12-24 13:58:51.325175+00:00,-0.02
2018-12-24 13:58:51.357300+00:00,-0.03
2018-12-24 13:58:54.187573+00:00,-0.02
2018-12-24 13:58:54.193076+00:00,-0.03
2018-12-24 13:58:58.369846+00:00,-0.02
2018-12-24 13:58:58.669599+00:00,-0.03
2018-12-24 13:59:01.835291+00:00,-0.02
2018-12-24 13:59:01.902171+00:00,-0.03
2018-12-24 13:59:01.931912+00:00,-0.02
2018-12-24 13:59:01.965784+00:00,-0.03
2018-12-24 13:59:01.965945+00:00,109.07
2018-12-24 13:59:01.967096+00:00,-0.04
2018-12-24 13:59:01.994161+00:00,-0.03
2018-12-24 13:59:02.031290+00:00,-0.04
2018-12-24 13:59:02.041035+00:00,-0.03
2018-12-24 13:59:02.050499+00:00,-0.02
2018-12-24 13:59:02.085246+00:00,-0.03
2018-12-24 13:59:02.400217+00:00,-0.02
2018-12-24 13:59:02.476192+00:00,-0.03
2018-12-24 13:59:02.971885+00:00,-0.04
2018-12-24 13:59:02.987732+00:00,-0.03
2018-12-24 13:59:02.987935+00:00,-0.02
2018-12-24 13:59:03.025245+00:00,-0.03
2018-12-24 13:59:03.026412+00:00,-0.02
2018-12-24 13:59:03.031847+00:00,-0.03
2018-12-24 13:59:03.077622+00:00,-0.02
2018-12-24 13:59:03.210794+00:00,-0.03
2018-12-24 13:59:03.231995+00:00,-0.02
2018-12-24 13:59:03.270812+00:00,-0.02
2018-12-24 13:59:03.305213+00:00,-0.02
2018-12-24 13:59:03.470156+00:00,-0.03
2018-12-24 13:59:03.470735+00:00,-0.03
2018-12-24 13:59:03.470832+00:00,-0.04
2018-12-24 13:59:03.482164+00:00,-0.03
2018-12-24 13:59:07.132336+00:00,-0.02
2018-12-24 13:59:07.147176+00:00,-0.03
2018-12-24 13:59:07.195285+00:00,-0.02
2018-12-24 13:59:07.430214+00:00,-0.03
2018-12-24 13:59:09.028334+00:00,-0.02
2018-12-24 13:59:10.501118+00:00,-0.03
2018-12-24 13:59:11.049703+00:00,-0.02
2018-12-24 13:59:11.075369+00:00,-0.03
2018-12-24 13:59:11.085265+00:00,-0.04
2018-12-24 13:59:11.090965+00:00,-0.03
2018-12-24 13:59:14.305701+00:00,-0.04
2018-12-24 13:59:14.321125+00:00,-0.03
2018-12-24 13:59:14.870931+00:00,-0.03
2018-12-24 13:59:14.889352+00:00,-0.04
2018-12-24 13:59:14.891833+00:00,-0.03
2018-12-24 13:59:15.228105+00:00,-0.02
2018-12-24 13:59:15.238184+00:00,-0.03
2018-12-24 13:59:15.280406+00:00,-0.02
2018-12-24 13:59:15.710252+00:00,-0.03
2018-12-24 13:59:15.950773+00:00,-0.04
2018-12-24 13:59:15.951898+00:00,-0.03
2018-12-24 13:59:16.735375+00:00,-0.04
2018-12-24 13:59:16.744832+00:00,-0.03
2018-12-24 13:59:16.971847+00:00,-0.02
2018-12-24 13:59:17.248494+00:00,-0.02
2018-12-24 13:59:17.266390+00:00,-0.03
2018-12-24 13:59:17.325268+00:00,-0.02
2018-12-24 13:59:17.375965+00:00,-0.02
2018-12-24 13:59:17.411307+00:00,-0.03
2018-12-24 13:59:17.967309+00:00,-0.02
2018-12-24 13:59:17.972974+00:00,-0.03
2018-12-24 13:59:18.064007+00:00,-0.03
2018-12-24 13:59:18.064024+00:00,-0.04
2018-12-24 13:59:18.076143+00:00,-0.03
2018-12-24 13:59:18.495770+00:00,-0.03
2018-12-24 13:59:18.516354+00:00,-0.03
2018-12-24 13:59:18.600748+00:00,-0.03
2018-12-24 13:59:18.602946+00:00,-0.04
2018-12-24 13:59:18.621730+00:00,-0.03
2018-12-24 13:59:18.967774+00:00,-0.02
2018-12-24 13:59:18.973703+00:00,-0.03
2018-12-24 13:59:18.995152+00:00,-0.02
2018-12-24 13:59:19.001331+00:00,-0.03
2018-12-24 13:59:19.031814+00:00,-0.02
2018-12-24 13:59:19.065309+00:00,-0.03
2018-12-24 13:59:19.085403+00:00,-0.04
2018-12-24 13:59:19.088212+00:00,-0.03
2018-12-24 13:59:19.136086+00:00,-0.02
2018-12-24 13:59:19.150888+00:00,-0.02
2018-12-24 13:59:19.151948+00:00,-0.03
2018-12-24 13:59:19.156376+00:00,-0.02
2018-12-24 13:59:19.157181+00:00,-0.03
2018-12-24 13:59:19.170824+00:00,-0.02
2018-12-24 13:59:19.170866+00:00,-0.03
2018-12-24 13:59:19.220886+00:00,-0.02
2018-12-24 13:59:19.250766+00:00,-0.03
2018-12-24 13:59:19.328147+00:00,-0.02
2018-12-24 13:59:19.355813+00:00,-0.03
2018-12-24 13:59:19.436437+00:00,-0.03
2018-12-24 13:59:19.441319+00:00,-0.03
2018-12-24 13:59:19.860292+00:00,-0.02
2018-12-24 13:59:19.873477+00:00,-0.03
2018-12-24 13:59:19.880715+00:00,-0.02
2018-12-24 13:59:20.020151+00:00,-0.03
2018-12-24 13:59:20.026512+00:00,-0.03
2018-12-24 13:59:20.026610+00:00,-0.04
2018-12-24 13:59:20.043708+00:00,-0.03
2018-12-24 13:59:21.153460+00:00,-0.02
2018-12-24 13:59:21.205280+00:00,-0.02
2018-12-24 13:59:21.239427+00:00,-0.03
2018-12-24 13:59:21.250540+00:00,-0.03
2018-12-24 13:59:21.252599+00:00,-0.02
2018-12-24 13:59:21.284598+00:00,-0.03
2018-12-24 13:59:21.295857+00:00,-0.03
2018-12-24 13:59:21.295866+00:00,-0.04
2018-12-24 13:59:21.305196+00:00,-0.03
2018-12-24 13:59:21.536469+00:00,-0.02
2018-12-24 13:59:21.649230+00:00,-0.03
2018-12-24 13:59:22.509320+00:00,-0.02
2018-12-24 13:59:22.946653+00:00,-0.03
2018-12-24 13:59:24.292876+00:00,-0.02
2018-12-24 13:59:24.314124+00:00,-0.03
2018-12-24 13:59:24.391433+00:00,-0.02
2018-12-24 13:59:24.420143+00:00,-0.03
2018-12-24 13:59:30.053049+00:00,-0.02
2018-12-24 13:59:30.297921+00:00,-0.03
2018-12-24 13:59:30.317472+00:00,-0.02
2018-12-24 13:59:30.365419+00:00,-0.03
2018-12-24 13:59:30.425263+00:00,-0.02
2018-12-24 13:59:31.500778+00:00,-0.02
2018-12-24 13:59:31.506270+00:00,-0.03
2018-12-24 13:59:34.814699+00:00,-0.02
2018-12-24 13:59:36.465805+00:00,-0.02
2018-12-24 13:59:36.499837+00:00,-0.02
2018-12-24 13:59:36.630299+00:00,-0.02
2018-12-24 13:59:36.650930+00:00,-0.02
2018-12-24 13:59:36.695735+00:00,-0.02
2018-12-24 13:59:36.747318+00:00,-0.02
2018-12-24 13:59:37.665491+00:00,-0.03
2018-12-24 13:59:37.753839+00:00,-109.1
2018-12-24 13:59:37.755171+00:00,-0.04
2018-12-24 13:59:37.816790+00:00,-0.04
2018-12-24 13:59:37.818144+00:00,-0.04
2018-12-24 13:59:38.300046+00:00,-0.04
2018-12-24 13:59:38.357036+00:00,-0.05
2018-12-24 13:59:39.008310+00:00,-0.04
2018-12-24 13:59:39.305761+00:00,-0.04
2018-12-24 13:59:40.217125+00:00,-0.03
2018-12-24 13:59:40.530237+00:00,-0.03
2018-12-24 13:59:40.550878+00:00,-0.03
2018-12-24 13:59:40.555339+00:00,-0.02
2018-12-24 13:59:40.585670+00:00,-0.02
2018-12-24 13:59:40.585693+00:00,-0.03
2018-12-24 13:59:40.606299+00:00,-0.02
2018-12-24 13:59:40.715708+00:00,-0.03
2018-12-24 13:59:40.738940+00:00,-0.02
2018-12-24 13:59:40.775740+00:00,-0.02
2018-12-24 13:59:40.824015+00:00,-0.02
2018-12-24 13:59:40.995796+00:00,-0.02
2018-12-24 13:59:41.031222+00:00,-0.02
2018-12-24 13:59:41.055697+00:00,-0.02
2018-12-24 13:59:41.147444+00:00,-0.02
2018-12-24 13:59:42.576688+00:00,-0.03
2018-12-24 13:59:42.578071+00:00,-0.02
2018-12-24 13:59:49.765947+00:00,-0.03
2018-12-24 13:59:50.108331+00:00,-0.02
2018-12-24 13:59:50.127527+00:00,-0.03
2018-12-24 13:59:50.747920+00:00,-0.02
2018-12-24 13:59:54.905151+00:00,-0.02
2018-12-24 13:59:54.905239+00:00,-0.03
2018-12-24 13:59:54.970269+00:00,-0.02
2018-12-24 13:59:57.847517+00:00,-0.02
2018-12-24 13:59:57.995248+00:00,-0.02
2018-12-24 13:59:57.995662+00:00,-0.02
2018-12-24 13:59:58.047227+00:00,-0.02
2018-12-24 13:59:59.840146+00:00,-0.02
2018-12-24 13:59:59.840202+00:00,-0.03
2018-12-24 13:59:59.905335+00:00,-0.02
2018-12-24 14:00:00.411002+00:00,-0.02
2018-12-24 14:00:00.444340+00:00,-0.02
2018-12-24 14:00:08.710962+00:00,-0.03
2018-12-24 14:00:09.160028+00:00,-0.02
2018-12-24 14:00:11.847562+00:00,-0.02
2018-12-24 14:00:11.848721+00:00,-0.02
2018-12-24 14:00:11.856725+00:00,-0.02
2018-12-24 14:00:11.856815+00:00,-0.03
2018-12-24 14:00:11.966145+00:00,-0.03
2018-12-24 14:00:11.970695+00:00,-0.03
2018-12-24 14:00:12.000826+00:00,-0.03
2018-12-24 14:00:12.001384+00:00,109.08
2018-12-24 14:00:12.001426+00:00,109.09
2018-12-24 14:00:12.002071+00:00,-0.03
2018-12-24 14:00:12.002495+00:00,-0.03
2018-12-24 14:00:12.020332+00:00,-0.02
2018-12-24 14:00:12.023453+00:00,-0.03
2018-12-24 14:00:12.062882+00:00,-0.04
2018-12-24 14:00:12.083548+00:00,-0.03
2018-12-24 14:00:12.106738+00:00,-0.04
2018-12-24 14:00:12.127888+00:00,-0.03
2018-12-24 14:00:12.128806+00:00,-0.02
2018-12-24 14:00:12.155525+00:00,-0.03
2018-12-24 14:00:12.156140+00:00,-0.04
2018-12-24 14:00:12.204997+00:00,-0.03
2018-12-24 14:00:12.260612+00:00,-0.04
2018-12-24 14:00:12.291038+00:00,-0.03
2018-12-24 14:00:12.649520+00:00,-0.04
2018-12-24 14:00:13.067074+00:00,-0.03
2018-12-24 14:00:13.286395+00:00,-0.04
2018-12-24 14:00:13.330145+00:00,-0.03
2018-12-24 14:00:17.001669+00:00,-0.03
2018-12-24 14:00:17.001780+00:00,109.09
2018-12-24 14:00:17.002609+00:00,-0.04
2018-12-24 14:00:17.002901+00:00,-0.04
2018-12-24 14:00:18.734693+00:00,-0.03
2018-12-24 14:00:21.294930+00:00,-0.02
2018-12-24 14:00:21.401697+00:00,-0.03
2018-12-24 14:00:27.428947+00:00,-0.02
2018-12-24 14:00:27.546662+00:00,-0.03
2018-12-24 14:00:30.227383+00:00,-0.02
2018-12-24 14:00:30.575165+00:00,-0.03
2018-12-24 14:00:48.790972+00:00,-0.03
2018-12-24 14:00:48.796108+00:00,-0.03
2018-12-24 14:00:48.796722+00:00,-0.03
2018-12-24 14:00:48.796811+00:00,-0.04
2018-12-24 14:00:48.815903+00:00,-0.03
2018-12-24 14:00:48.856954+00:00,-0.03
2018-12-24 14:00:48.866818+00:00,-0.04
2018-12-24 14:00:48.867019+00:00,-0.03
2018-12-24 14:00:48.867817+00:00,-0.03
2018-12-24 14:00:58.637038+00:00,-0.03
2018-12-24 14:00:58.637201+00:00,-0.03
2018-12-24 14:00:58.644137+00:00,-0.02
2018-12-24 14:00:58.646053+00:00,-0.02
2018-12-24 14:00:58.655836+00:00,-0.02
2018-12-24 14:00:58.655925+00:00,-0.03
2018-12-24 14:01:02.566144+00:00,-0.03
2018-12-24 14:01:02.588177+00:00,-0.03
2018-12-24 14:01:02.650780+00:00,-0.03
2018-12-24 14:01:02.655918+00:00,-0.04
2018-12-24 14:01:02.657109+00:00,-0.04
2018-12-24 14:01:02.659643+00:00,-0.03
2018-12-24 14:01:03.088652+00:00,-0.02
2018-12-24 14:01:03.132255+00:00,-0.03
2018-12-24 14:01:03.132262+00:00,-0.03
2018-12-24 14:01:03.132334+00:00,109.1
2018-12-24 14:01:03.133458+00:00,-0.03
2018-12-24 14:01:03.133609+00:00,-0.03
2018-12-24 14:01:08.132644+00:00,-0.03
2018-12-24 14:01:08.132711+00:00,109.1
2018-12-24 14:01:08.133893+00:00,-0.13
2018-12-24 14:01:08.134031+00:00,-0.13
2018-12-24 14:01:12.527298+00:00,-0.12
2018-12-24 14:01:15.570289+00:00,-0.10
2018-12-24 14:01:23.891483+00:00,-0.09
2018-12-24 14:01:38.707202+00:00,-0.08
2018-12-24 14:01:46.523966+00:00,-0.06
2018-12-24 14:01:47.826890+00:00,-0.07
2018-12-24 14:01:48.251685+00:00,-0.06
2018-12-24 14:02:05.325768+00:00,-0.04
2018-12-24 14:02:05.441474+00:00,-0.05
2018-12-24 14:02:05.463985+00:00,-0.04
2018-12-24 14:02:05.622389+00:00,-0.02
2018-12-24 14:02:05.622600+00:00,-0.03
2018-12-24 14:02:06.985719+00:00,-0.02
2018-12-24 14:02:07.001153+00:00,-0.04
2018-12-24 14:02:07.001178+00:00,-0.03
2018-12-24 14:02:07.002247+00:00,-0.03
2018-12-24 14:02:07.655888+00:00,-0.04
2018-12-24 14:02:08.246385+00:00,-0.03
2018-12-24 14:02:11.940985+00:00,-0.02
2018-12-24 14:02:11.948931+00:00,-0.03
2018-12-24 14:02:11.980136+00:00,-0.02
2018-12-24 14:02:11.996154+00:00,-0.02
2018-12-24 14:02:11.997468+00:00,-0.02
2018-12-24 14:02:12.001295+00:00,-0.03
2018-12-24 14:02:12.010717+00:00,-0.03
2018-12-24 14:02:12.100789+00:00,-0.03
2018-12-24 14:02:12.112685+00:00,-0.03
2018-12-24 14:02:12.142453+00:00,-0.03
2018-12-24 14:02:12.155437+00:00,-0.03
2018-12-24 14:02:19.572063+00:00,-0.02
2018-12-24 14:02:19.572310+00:00,-109.14
2018-12-24 14:02:19.573411+00:00,-0.12
2018-12-24 14:02:20.254420+00:00,-0.10
2018-12-24 14:02:20.280803+00:00,-0.11
2018-12-24 14:02:31.899047+00:00,-0.10
2018-12-24 14:02:36.455732+00:00,-0.10
2018-12-24 14:02:36.575674+00:00,-0.10
2018-12-24 14:02:36.581642+00:00,-0.11
2018-12-24 14:02:36.586506+00:00,-0.10
2018-12-24 14:02:36.590905+00:00,-0.10
2018-12-24 14:02:36.625775+00:00,-0.10
2018-12-24 14:02:36.639995+00:00,-0.10
2018-12-24 14:02:36.690732+00:00,-0.10
2018-12-24 14:02:36.709319+00:00,-0.10
2018-12-24 14:02:36.870425+00:00,-0.10
2018-12-24 14:02:36.879107+00:00,-0.10
2018-12-24 14:02:37.595861+00:00,-0.10
2018-12-24 14:02:37.622783+00:00,-0.10
2018-12-24 14:02:38.725411+00:00,-0.08
2018-12-24 14:02:38.941657+00:00,-0.07
2018-12-24 14:02:38.943374+00:00,-0.07
2018-12-24 14:02:38.944413+00:00,-0.07
2018-12-24 14:02:39.031359+00:00,-0.07
2018-12-24 14:02:39.031360+00:00,-0.08
2018-12-24 14:02:39.036095+00:00,-0.07
2018-12-24 14:02:39.066980+00:00,-0.07
2018-12-24 14:02:39.088468+00:00,-0.07
2018-12-24 14:02:39.435688+00:00,-0.07
2018-12-24 14:02:39.447547+00:00,-0.07
2018-12-24 14:02:42.493933+00:00,-0.06
2018-12-24 14:02:42.687883+00:00,-0.06
2018-12-24 14:02:42.875777+00:00,-0.06
2018-12-24 14:02:42.888840+00:00,-0.06
2018-12-24 14:02:42.929444+00:00,-0.06
2018-12-24 14:02:43.525884+00:00,-0.07
2018-12-24 14:02:43.531085+00:00,-0.06
2018-12-24 14:02:43.910122+00:00,-0.06
2018-12-24 14:02:44.234838+00:00,-0.06
2018-12-24 14:02:45.429708+00:00,-0.04
2018-12-24 14:02:45.445739+00:00,-0.05
2018-12-24 14:02:45.876723+00:00,-0.04
2018-12-24 14:02:45.914724+00:00,-0.02
2018-12-24 14:02:46.810251+00:00,-0.02
2018-12-24 14:02:47.311149+00:00,-0.02
2018-12-24 14:02:47.790875+00:00,-0.03
2018-12-24 14:02:47.987189+00:00,-0.02
2018-12-24 14:02:48.913214+00:00,-0.02
2018-12-24 14:02:48.924706+00:00,-0.02
2018-12-24 14:02:57.672055+00:00,-0.02
2018-12-24 14:02:57.765666+00:00,-0.02
2018-12-24 14:02:57.766919+00:00,-0.02
2018-12-24 14:02:57.771383+00:00,-0.02
2018-12-24 14:02:57.869958+00:00,-0.03
2018-12-24 14:02:59.266119+00:00,-0.02
2018-12-24 14:03:01.248555+00:00,-0.02
2018-12-24 14:03:01.643642+00:00,-0.02
2018-12-24 14:03:02.756766+00:00,-0.02
2018-12-24 14:03:02.760833+00:00,-0.04
2018-12-24 14:03:02.761238+00:00,-0.04
2018-12-24 14:03:02.762027+00:00,-0.03
2018-12-24 14:03:02.762172+00:00,-0.03
2018-12-24 14:03:19.106730+00:00,-0.04
2018-12-24 14:03:19.107735+00:00,-0.03
2018-12-24 14:03:19.111054+00:00,-0.03
2018-12-24 14:03:31.265767+00:00,-0.03
2018-12-24 14:03:31.280181+00:00,-0.03
2018-12-24 14:03:32.788244+00:00,-0.02
2018-12-24 14:03:32.795722+00:00,-0.02
2018-12-24 14:03:32.795824+00:00,-0.03
2018-12-24 14:03:34.450807+00:00,-0.03
2018-12-24 14:03:34.450888+00:00,109.09
2018-12-24 14:03:34.451840+00:00,-0.04
2018-12-24 14:03:34.452043+00:00,-0.04
2018-12-24 14:03:34.456667+00:00,-0.03
2018-12-24 14:03:35.156247+00:00,-0.04
2018-12-24 14:03:57.051609+00:00,-0.03
2018-12-24 14:03:57.100716+00:00,-0.04
2018-12-24 14:03:59.231574+00:00,-0.03
2018-12-24 14:04:00.515096+00:00,-0.03
2018-12-24 14:04:00.515218+00:00,-0.03
2018-12-24 14:04:00.516305+00:00,-0.03
2018-12-24 14:04:00.516486+00:00,-0.03
2018-12-24 14:04:00.540997+00:00,-0.03
2018-12-24 14:04:00.541006+00:00,-0.03
2018-12-24 14:04:00.553106+00:00,-0.03
2018-12-24 14:04:00.556758+00:00,-0.03
2018-12-24 14:04:00.562123+00:00,-0.02
2018-12-24 14:04:00.565818+00:00,109.11
2018-12-24 14:04:00.565980+00:00,-0.03
2018-12-24 14:04:00.566887+00:00,-0.03
2018-12-24 14:04:00.571414+00:00,-0.04
2018-12-24 14:04:00.586290+00:00,-0.03
2018-12-24 14:04:03.511461+00:00,-0.03
2018-12-24 14:04:06.480697+00:00,-0.03
2018-12-24 14:04:06.565690+00:00,-0.04
2018-12-24 14:04:06.575398+00:00,-0.03
2018-12-24 14:04:06.749264+00:00,-0.03
2018-12-24 14:04:09.802070+00:00,-0.02
2018-12-24 14:04:10.550739+00:00,-0.03
2018-12-24 14:04:10.550831+00:00,109.11
2018-12-24 14:04:10.551905+00:00,-0.12
2018-12-24 14:04:10.552036+00:00,-0.12
2018-12-24 14:04:11.285788+00:00,-0.13
2018-12-24 14:04:11.286432+00:00,-0.11
2018-12-24 14:04:11.397896+00:00,-0.10
2018-12-24 14:04:11.598639+00:00,-0.11
2018-12-24 14:04:11.629276+00:00,-0.10
2018-12-24 14:04:13.821060+00:00,-0.09
2018-12-24 14:04:14.004343+00:00,-0.10
2018-12-24 14:04:14.005881+00:00,-0.08
2018-12-24 14:04:14.585760+00:00,-0.07
2018-12-24 14:04:14.590717+00:00,-0.08
2018-12-24 14:04:14.596143+00:00,-0.07
2018-12-24 14:04:14.605719+00:00,-0.08
2018-12-24 14:04:25.620494+00:00,-0.06
2018-12-24 14:04:25.629456+00:00,-109.17
2018-12-24 14:04:25.630561+00:00,-0.07
2018-12-24 14:04:29.466645+00:00,-0.05
2018-12-24 14:04:30.629615+00:00,-109.15
2018-12-24 14:04:30.630647+00:00,-0.07
2018-12-24 14:04:37.249701+00:00,-0.05
2018-12-24 14:04:43.365394+00:00,-0.07
2018-12-24 14:04:43.366470+00:00,-0.06
2018-12-24 14:04:43.369673+00:00,-0.04
2018-12-24 14:04:45.934072+00:00,-0.03
2018-12-24 14:04:48.092638+00:00,-0.02
2018-12-24 14:05:00.193315+00:00,-0.03
2018-12-24 14:05:01.825293+00:00,-0.03
2018-12-24 14:05:01.835764+00:00,-0.03
2018-12-24 14:05:16.509606+00:00,-0.02
2018-12-24 14:05:16.976577+00:00,-0.03
2018-12-24 14:05:19.573901+00:00,-0.02
2018-12-24 14:05:19.683928+00:00,-0.03
2018-12-24 14:05:20.582492+00:00,-0.02
2018-12-24 14:05:20.602109+00:00,-0.03
2018-12-24 14:05:27.890283+00:00,-0.02
2018-12-24 14:05:27.909831+00:00,-0.02
2018-12-24 14:05:28.314021+00:00,-109.12
2018-12-24 14:05:28.315102+00:00,-0.03
2018-12-24 14:05:28.325167+00:00,-0.03
2018-12-24 14:05:28.325715+00:00,-0.02
2018-12-24 14:05:28.571997+00:00,-0.03
2018-12-24 14:05:28.572083+00:00,-0.03
2018-12-24 14:05:29.071359+00:00,-0.03
2018-12-24 14:05:29.117862+00:00,-0.02
2018-12-24 14:05:29.810616+00:00,-0.02
2018-12-24 14:05:30.048573+00:00,-0.02
2018-12-24 14:05:32.889903+00:00,-0.03
2018-12-24 14:06:08.767608+00:00,-0.03
2018-12-24 14:06:08.768791+00:00,-0.03
2018-12-24 14:06:11.543228+00:00,-0.03
2018-12-24 14:06:11.543271+00:00,109.1
2018-12-24 14:06:11.544376+00:00,-0.04
2018-12-24 14:06:11.544532+00:00,-0.04
2018-12-24 14:07:10.594589+00:00,-0.03
2018-12-24 14:07:10.604798+00:00,-0.02
2018-12-24 14:07:10.609336+00:00,-0.03
2018-12-24 14:07:10.625209+00:00,-0.02
2018-12-24 14:07:10.671638+00:00,-0.03
2018-12-24 14:07:10.688359+00:00,-0.02
2018-12-24 14:07:14.695829+00:00,-0.03
2018-12-24 14:07:48.457555+00:00,109.1
2018-12-24 14:07:48.458730+00:00,-0.04
2018-12-24 14:07:48.478018+00:00,-0.03
2018-12-24 14:07:57.199506+00:00,-0.02
2018-12-24 14:07:57.201775+00:00,-0.02
2018-12-24 14:07:57.250622+00:00,-0.02
2018-12-24 14:07:57.481701+00:00,-0.03
2018-12-24 14:07:57.481831+00:00,-0.04
2018-12-24 14:07:57.500408+00:00,-0.03
2018-12-24 14:08:33.926560+00:00,-0.02
2018-12-24 14:08:33.927416+00:00,-0.03
2018-12-24 14:08:33.962812+00:00,-0.02
2018-12-24 14:08:35.263010+00:00,-0.02
2018-12-24 14:08:36.974343+00:00,-0.03
2018-12-24 14:08:36.981535+00:00,-0.03
2018-12-24 14:08:37.680079+00:00,-0.02
2018-12-24 14:08:37.982374+00:00,-0.02
2018-12-24 14:08:38.482432+00:00,-0.02
2018-12-24 14:08:42.098318+00:00,-0.02
2018-12-24 14:08:42.766713+00:00,-0.02
2018-12-24 14:08:48.057345+00:00,-0.03
2018-12-24 14:08:48.061356+00:00,-0.03
2018-12-24 14:08:48.069915+00:00,-0.03
2018-12-24 14:08:48.071280+00:00,-0.02
2018-12-24 14:08:50.791495+00:00,-0.03
2018-12-24 14:09:28.330039+00:00,-0.02
2018-12-24 14:09:28.391105+00:00,-0.03
2018-12-24 14:09:28.605820+00:00,-0.03
2018-12-24 14:09:28.622491+00:00,-0.03
2018-12-24 14:09:29.004704+00:00,-0.03
2018-12-24 14:09:29.016524+00:00,-0.03
2018-12-24 14:09:29.345765+00:00,-0.03
2018-12-24 14:09:29.359981+00:00,-0.03
2018-12-24 14:09:52.475865+00:00,-0.03
2018-12-24 14:09:52.485167+00:00,-0.03
2018-12-24 14:09:52.549623+00:00,-0.02
2018-12-24 14:09:52.553316+00:00,-0.03
2018-12-24 14:09:52.556000+00:00,-0.03
2018-12-24 14:09:52.570735+00:00,-0.03
2018-12-24 14:10:04.395897+00:00,-0.03
2018-12-24 14:10:04.406072+00:00,-0.03
2018-12-24 14:10:04.889102+00:00,-0.03
2018-12-24 14:10:04.893673+00:00,-0.03
2018-12-24 14:10:09.845496+00:00,-0.02
2018-12-24 14:10:09.900906+00:00,-0.02
2018-12-24 14:10:09.922015+00:00,-0.02
2018-12-24 14:10:09.976004+00:00,-0.02
2018-12-24 14:10:09.991014+00:00,-0.02
2018-12-24 14:10:12.661222+00:00,-0.02
2018-12-24 14:10:17.085214+00:00,-0.02
2018-12-24 14:10:17.162611+00:00,-0.02
2018-12-24 14:10:17.175822+00:00,-0.02
2018-12-24 14:10:17.181551+00:00,-0.02
2018-12-24 14:10:17.207407+00:00,-0.02
2018-12-24 14:10:18.510848+00:00,-0.02
2018-12-24 14:10:18.929304+00:00,-0.02
2018-12-24 14:10:19.324965+00:00,-0.02
2018-12-24 14:10:20.325289+00:00,-0.02
2018-12-24 14:10:21.325391+00:00,-0.02
2018-12-24 14:10:25.408401+00:00,-0.02
2018-12-24 14:10:26.076031+00:00,-0.02
2018-12-24 14:10:26.079764+00:00,-0.02
2018-12-24 14:10:26.085734+00:00,-0.03
2018-12-24 14:10:28.861088+00:00,-0.03
2018-12-24 14:10:28.870961+00:00,-0.03
2018-12-24 14:10:37.565848+00:00,-0.02
2018-12-24 14:10:51.592882+00:00,-0.02
2018-12-24 14:10:51.603014+00:00,-0.02
2018-12-24 14:10:51.605982+00:00,-0.03
2018-12-24 14:10:53.216117+00:00,-0.02
2018-12-24 14:11:03.585985+00:00,-0.03
2018-12-24 14:11:03.967933+00:00,-0.02
2018-12-24 14:11:04.030892+00:00,-0.03
2018-12-24 14:11:04.055868+00:00,-0.03
2018-12-24 14:11:04.055931+00:00,-0.04
2018-12-24 14:11:04.070179+00:00,-0.03
2018-12-24 14:11:04.155823+00:00,-0.03
2018-12-24 14:11:04.156894+00:00,-0.04
2018-12-24 14:11:04.168935+00:00,-0.03
2018-12-24 14:11:04.531800+00:00,-0.03
2018-12-24 14:11:04.541347+00:00,-0.03
2018-12-24 14:11:35.913430+00:00,-0.02
2018-12-24 14:11:35.915774+00:00,-0.03
2018-12-24 14:11:35.917030+00:00,-0.02
2018-12-24 14:11:35.970942+00:00,-0.03
2018-12-24 14:11:35.971001+00:00,-0.03
2018-12-24 14:11:35.991345+00:00,-0.03
2018-12-24 14:11:48.336578+00:00,-0.02
2018-12-24 14:11:48.341223+00:00,-0.03
2018-12-24 14:11:48.356859+00:00,-0.02
2018-12-24 14:11:48.365871+00:00,-109.11
2018-12-24 14:11:48.366911+00:00,-0.03
2018-12-24 14:11:48.520083+00:00,-0.03
2018-12-24 14:11:52.391748+00:00,-0.03
2018-12-24 14:11:52.399096+00:00,-0.03
2018-12-24 14:11:52.405980+00:00,-0.03
2018-12-24 14:11:52.407062+00:00,-0.03
2018-12-24 14:11:52.415689+00:00,-0.03
2018-12-24 14:11:52.415707+00:00,-0.04
2018-12-24 14:11:53.530466+00:00,-0.03
2018-12-24 14:11:53.656453+00:00,-0.02
2018-12-24 14:11:53.738113+00:00,-0.03
2018-12-24 14:11:54.633909+00:00,-0.02
2018-12-24 14:11:54.712288+00:00,-0.03
2018-12-24 14:11:54.731398+00:00,-0.02
2018-12-24 14:11:54.751918+00:00,-0.03
2018-12-24 14:11:54.753364+00:00,-0.02
2018-12-24 14:11:55.919396+00:00,-0.03
2018-12-24 14:11:56.757882+00:00,-0.02
2018-12-24 14:11:56.863632+00:00,-0.03
2018-12-24 14:11:56.877374+00:00,-0.02
2018-12-24 14:11:56.927314+00:00,-0.03
2018-12-24 14:11:56.934183+00:00,-0.02
2018-12-24 14:11:56.939198+00:00,-0.03
2018-12-24 14:11:56.963536+00:00,-0.02
2018-12-24 14:11:59.119524+00:00,-0.03
2018-12-24 14:11:59.521156+00:00,-0.02
2018-12-24 14:11:59.798964+00:00,-0.02
2018-12-24 14:11:59.899460+00:00,-0.02
2018-12-24 14:11:59.921132+00:00,-0.02
2018-12-24 14:11:59.980910+00:00,-0.02
2018-12-24 14:11:59.980966+00:00,-0.03
2018-12-24 14:12:00.149234+00:00,-0.02
2018-12-24 14:12:02.352561+00:00,-0.03
2018-12-24 14:12:02.441864+00:00,-0.02
2018-12-24 14:12:02.764148+00:00,-0.03
2018-12-24 14:12:06.427557+00:00,-0.02
2018-12-24 14:12:06.462895+00:00,-0.03
2018-12-24 14:12:07.296349+00:00,-0.02
2018-12-24 14:12:07.982160+00:00,-0.03
2018-12-24 14:12:08.009485+00:00,-0.02
2018-12-24 14:12:09.066214+00:00,-0.02
2018-12-24 14:12:09.089826+00:00,-0.02
2018-12-24 14:12:10.902324+00:00,-0.03
2018-12-24 14:12:12.115512+00:00,-0.04
2018-12-24 14:12:12.983775+00:00,-0.03
2018-12-24 14:12:34.395822+00:00,-0.04
2018-12-24 14:12:34.591791+00:00,-0.03
2018-12-24 14:12:42.476124+00:00,-0.02
2018-12-24 14:12:42.476145+00:00,-0.03
2018-12-24 14:12:42.484853+00:00,-0.04
2018-12-24 14:12:42.500335+00:00,-0.03
2018-12-24 14:12:44.618274+00:00,-0.02
2018-12-24 14:12:44.696474+00:00,-0.03
2018-12-24 14:12:47.589210+00:00,-0.03
2018-12-24 14:12:47.590250+00:00,-0.03
2018-12-24 14:12:48.378575+00:00,-0.02
2018-12-24 14:12:48.383456+00:00,-0.03
2018-12-24 14:12:48.395797+00:00,-0.03
2018-12-24 14:12:48.395875+00:00,-0.04
2018-12-24 14:12:48.405254+00:00,-0.03
2018-12-24 14:12:51.373868+00:00,-0.02
2018-12-24 14:12:51.383449+00:00,-0.03
2018-12-24 14:12:54.748369+00:00,-0.02
2018-12-24 14:12:54.762222+00:00,-0.03
2018-12-24 14:12:55.274381+00:00,-0.02
2018-12-24 14:13:00.305843+00:00,-0.03
2018-12-24 14:13:03.921125+00:00,-0.04
2018-12-24 14:13:03.942765+00:00,-0.03
2018-12-24 14:13:04.255622+00:00,-0.02
2018-12-24 14:13:04.255812+00:00,-0.03
2018-12-24 14:13:04.281891+00:00,-0.02
2018-12-24 14:13:04.335805+00:00,-0.03
2018-12-24 14:13:04.686514+00:00,-0.04
2018-12-24 14:13:04.703016+00:00,-0.03
2018-12-24 14:13:05.186481+00:00,-0.04
2018-12-24 14:13:05.247165+00:00,-0.03
2018-12-24 14:13:06.797577+00:00,-0.03
2018-12-24 14:13:17.352398+00:00,-0.02
2018-12-24 14:13:17.375743+00:00,-0.02
2018-12-24 14:13:17.375860+00:00,-0.03
2018-12-24 14:13:17.384897+00:00,-0.02
2018-12-24 14:13:17.410851+00:00,-0.03
2018-12-24 14:13:17.441468+00:00,-0.04
2018-12-24 14:13:17.451773+00:00,-0.03
2018-12-24 14:13:17.629616+00:00,-0.04
2018-12-24 14:13:17.636158+00:00,-0.03
2018-12-24 14:13:17.682310+00:00,-0.04
2018-12-24 14:13:17.721829+00:00,-0.03
2018-12-24 14:13:17.791494+00:00,-0.02
2018-12-24 14:13:18.472770+00:00,-0.03
2018-12-24 14:13:18.483442+00:00,-0.04
2018-12-24 14:13:18.495033+00:00,-0.03
2018-12-24 14:13:18.621050+00:00,-0.02
2018-12-24 14:13:18.873597+00:00,-0.03
2018-12-24 14:13:18.939540+00:00,-0.02
2018-12-24 14:13:19.896011+00:00,-0.03
2018-12-24 14:13:19.948042+00:00,-0.02
2018-12-24 14:13:19.982317+00:00,-0.03
2018-12-24 14:13:24.693877+00:00,-0.02
2018-12-24 14:13:24.767291+00:00,-0.02
2018-12-24 14:13:28.171936+00:00,-0.02
2018-12-24 14:13:28.189207+00:00,-0.02
2018-12-24 14:13:28.199776+00:00,-0.02
2018-12-24 14:13:28.208270+00:00,-0.02
2018-12-24 14:13:28.500196+00:00,-0.02
2018-12-24 14:13:28.559644+00:00,-0.02
2018-12-24 14:13:28.583712+00:00,-0.02
2018-12-24 14:13:28.618985+00:00,-0.02
2018-12-24 14:13:29.213104+00:00,-0.02
2018-12-24 14:13:29.251132+00:00,-0.02
2018-12-24 14:13:29.687000+00:00,-0.02
2018-12-24 14:13:29.727499+00:00,-0.02
2018-12-24 14:13:31.165073+00:00,-0.02
2018-12-24 14:13:31.210953+00:00,-0.02
2018-12-24 14:13:31.296165+00:00,-0.02
2018-12-24 14:13:31.496645+00:00,-0.02
2018-12-24 14:13:31.497748+00:00,-0.02
2018-12-24 14:13:31.937538+00:00,-0.02
2018-12-24 14:13:32.281389+00:00,-0.02
2018-12-24 14:13:32.289150+00:00,-0.02
2018-12-24 14:13:32.300776+00:00,-0.02
2018-12-24 14:13:32.318374+00:00,-0.02
2018-12-24 14:13:32.377749+00:00,-0.02
2018-12-24 14:13:32.552065+00:00,-0.02
2018-12-24 14:13:32.587520+00:00,-0.02
2018-12-24 14:13:32.919876+00:00,-0.02
2018-12-24 14:13:33.310901+00:00,-0.02
2018-12-24 14:13:33.330594+00:00,-0.02
2018-12-24 14:13:33.349254+00:00,-0.02
2018-12-24 14:13:33.365766+00:00,-0.02
2018-12-24 14:13:33.370937+00:00,-0.03
2018-12-24 14:13:33.380291+00:00,-0.03
2018-12-24 14:13:33.387452+00:00,-0.03
2018-12-24 14:13:33.396094+00:00,-0.03
2018-12-24 14:13:39.731098+00:00,-0.02
2018-12-24 14:13:39.740871+00:00,-0.02
2018-12-24 14:13:39.772944+00:00,-0.02
2018-12-24 14:13:39.861321+00:00,-0.02
2018-12-24 14:13:57.564273+00:00,109.1
2018-12-24 14:13:57.564483+00:00,-0.03
2018-12-24 14:13:57.565484+00:00,-0.03
2018-12-24 14:14:10.572061+00:00,-0.03
2018-12-24 14:14:10.572107+00:00,-0.03
2018-12-24 14:14:10.576283+00:00,-0.03
2018-12-24 14:14:16.370637+00:00,-0.03
2018-12-24 14:14:16.371644+00:00,-0.03
2018-12-24 14:14:16.377461+00:00,-0.02
2018-12-24 14:14:16.380260+00:00,-0.03
2018-12-24 14:14:16.585688+00:00,-0.03
2018-12-24 14:14:16.585866+00:00,109.1
2018-12-24 14:14:16.586715+00:00,-0.04
2018-12-24 14:14:16.586963+00:00,-0.04
2018-12-24 14:14:40.319189+00:00,-0.03
2018-12-24 14:14:40.321142+00:00,-0.02
2018-12-24 14:14:40.336887+00:00,-0.03
2018-12-24 14:14:50.109547+00:00,-0.02
2018-12-24 14:14:50.421014+00:00,-0.02
2018-12-24 14:14:50.449271+00:00,-0.02
2018-12-24 14:14:50.510916+00:00,-0.02
2018-12-24 14:14:50.534563+00:00,-0.02
2018-12-24 14:14:52.306639+00:00,-109.12
2018-12-24 14:14:52.307804+00:00,-0.03
2018-12-24 14:14:52.486731+00:00,-0.03
2018-12-24 14:14:52.500669+00:00,-0.03
2018-12-24 14:14:52.695722+00:00,-0.03
2018-12-24 14:14:52.723559+00:00,-0.03
2018-12-24 14:14:53.421293+00:00,-0.02
2018-12-24 14:14:56.235705+00:00,-0.02
2018-12-24 14:14:56.250800+00:00,-0.02
2018-12-24 14:14:56.345723+00:00,-0.03
2018-12-24 14:14:57.236709+00:00,-0.02
2018-12-24 14:14:57.385749+00:00,-0.03
2018-12-24 14:15:00.779203+00:00,-0.02
2018-12-24 14:15:01.652627+00:00,-0.02
2018-12-24 14:15:01.671728+00:00,-0.02
2018-12-24 14:15:10.080675+00:00,-0.02
2018-12-24 14:15:10.251629+00:00,-0.02
2018-12-24 14:15:10.256555+00:00,-0.02
2018-12-24 14:15:12.841307+00:00,-0.02
2018-12-24 14:15:12.858141+00:00,-0.02
2018-12-24 14:15:13.386685+00:00,-0.02
2018-12-24 14:15:13.519568+00:00,-0.02
2018-12-24 14:15:13.543630+00:00,-0.02
2018-12-24 14:15:13.731333+00:00,-0.02
2018-12-24 14:15:13.754777+00:00,-0.02
2018-12-24 14:15:13.812704+00:00,-0.02
2018-12-24 14:15:13.961777+00:00,-0.02
2018-12-24 14:15:14.019396+00:00,-0.02
2018-12-24 14:15:14.821262+00:00,-0.02
2018-12-24 14:15:14.836237+00:00,-0.02
2018-12-24 14:15:16.043950+00:00,-0.02
2018-12-24 14:15:16.062432+00:00,-0.02
2018-12-24 14:15:17.181416+00:00,-0.02
2018-12-24 14:15:17.206235+00:00,-0.02
2018-12-24 14:15:17.861020+00:00,-0.02
2018-12-24 14:15:18.308639+00:00,-0.03
2018-12-24 14:15:18.381908+00:00,-0.03
2018-12-24 14:15:18.386655+00:00,-0.03
2018-12-24 14:15:18.411538+00:00,-0.02
2018-12-24 14:15:18.426128+00:00,-0.02
2018-12-24 14:15:18.431551+00:00,-0.02
2018-12-24 14:15:18.436891+00:00,-0.02
2018-12-24 14:15:18.437122+00:00,-0.03
2018-12-24 14:15:18.460254+00:00,-0.02
2018-12-24 14:15:18.509287+00:00,-0.02
2018-12-24 14:15:18.585914+00:00,-0.03
2018-12-24 14:15:20.356111+00:00,-0.02
2018-12-24 14:15:20.366251+00:00,-0.02
2018-12-24 14:15:20.467828+00:00,-0.02
2018-12-24 14:15:20.492776+00:00,-0.02
2018-12-24 14:15:20.692703+00:00,-0.02
2018-12-24 14:15:21.258202+00:00,-0.02
2018-12-24 14:15:21.292751+00:00,-0.02
2018-12-24 14:15:21.546744+00:00,-0.02
2018-12-24 14:15:21.664246+00:00,-0.02
2018-12-24 14:15:21.676610+00:00,-0.02
2018-12-24 14:15:21.729412+00:00,-0.02
2018-12-24 14:15:21.740813+00:00,-0.03
2018-12-24 14:15:21.847344+00:00,-0.02
2018-12-24 14:15:23.079947+00:00,-0.02
2018-12-24 14:15:24.372033+00:00,-0.02
2018-12-24 14:15:24.376992+00:00,-0.02
2018-12-24 14:15:25.386816+00:00,-0.02
2018-12-24 14:15:25.430123+00:00,-0.02
2018-12-24 14:15:25.985929+00:00,-0.02
2018-12-24 14:15:26.724915+00:00,-0.02
2018-12-24 14:15:27.546757+00:00,-0.02
2018-12-24 14:15:27.555513+00:00,-0.02
2018-12-24 14:15:27.600781+00:00,-0.02
2018-12-24 14:15:27.740704+00:00,-0.02
2018-12-24 14:15:27.760285+00:00,-0.02
2018-12-24 14:15:27.960680+00:00,-0.02
2018-12-24 14:15:27.960818+00:00,-0.03
2018-12-24 14:15:27.961690+00:00,-0.03
2018-12-24 14:15:27.984642+00:00,-0.03
2018-12-24 14:15:27.985411+00:00,-0.02
2018-12-24 14:15:30.305808+00:00,-0.02
2018-12-24 14:15:30.350803+00:00,-0.03
2018-12-24 14:15:30.478139+00:00,-0.02
2018-12-24 14:15:30.478482+00:00,-109.11
2018-12-24 14:15:30.479632+00:00,-0.12
2018-12-24 14:15:30.480969+00:00,-0.12
2018-12-24 14:15:30.545959+00:00,-0.12
2018-12-24 14:15:30.566958+00:00,-0.12
2018-12-24 14:15:30.735690+00:00,-0.12
2018-12-24 14:15:30.768348+00:00,-0.12
2018-12-24 14:15:30.775255+00:00,-0.12
2018-12-24 14:15:30.775327+00:00,-0.13
2018-12-24 14:15:30.795312+00:00,-0.12
2018-12-24 14:15:30.851546+00:00,-0.13
2018-12-24 14:15:30.871008+00:00,-0.12
2018-12-24 14:15:30.945705+00:00,-0.13
2018-12-24 14:15:30.946826+00:00,-0.12
2018-12-24 14:15:30.951530+00:00,-0.13
2018-12-24 14:15:30.961128+00:00,-0.12
2018-12-24 14:15:31.193522+00:00,-0.12
2018-12-24 14:15:31.256304+00:00,-0.13
2018-12-24 14:15:31.282847+00:00,-0.12
2018-12-24 14:15:31.296562+00:00,-0.12
2018-12-24 14:15:31.315254+00:00,-0.13
2018-12-24 14:15:31.335829+00:00,-0.12
2018-12-24 14:15:31.545785+00:00,-0.12
2018-12-24 14:15:31.566106+00:00,-0.12
2018-12-24 14:15:31.670757+00:00,-0.12
